3538 5536
656 585 660 594 '
742 597 873 645 vasam.
1300 597 1405 645 xxnm

210 759 375 849 profligari
406 761 541 828 classem
572 763 714 828 Atticam
739 783 836 848 quam
860 766 1005 842 vincere,
1031 766 1130 829 etiam
1154 766 1290 829 triennio
1313 770 1403 850 post,

211 888 286 934 cum
319 871 355 932 in
385 867 520 934 Thracia
548 867 623 936 (1100
646 870 849 947 versabatur,
874 875 997 944 μᾶλλον
1018 867 1160 948 ἤλπιζον,
1186 873 1313 956 opinor,
1338 870 1404 935 fore

210 980 249 1039 111
266 977 368 1060 ipsius
388 977 495 1061 copiae
515 975 723 1040 disicerentur
742 996 839 1060 quam
859 980 896 1040 ut
914 974 1048 1041 Thracia
1060 979 1236 1061 eriperetur
1248 976 1402 1041 hostibus.

257 1078 325 1159 Quo
358 1083 537 1146 accuratius
569 1085 679 1147 autem
708 1102 775 1158 res,
800 1081 839 1146 ab
862 1083 984 1168 insigni
1007 1080 1114 1168 aliquo
1138 1082 1235 1153 huius
1259 1082 1404 1147 factionis

210 1189 280 1253 viro
316 1192 441 1274 gestas,
477 1188 643 1254 nobiscum
678 1194 883 1274 reputamus,
920 1209 956 1253 eo
991 1186 1108 1253 clarius
1142 1209 1291 1273 apparere
1324 1186 1404 1253 solet

211 1293 376 1380 malignus
408 1315 521 1359 eorum
553 1315 629 1383 erga
651 1297 791 1380 patriam
814 1297 941 1359 animus
964 1297 1171 1381 ipsorumque
1195 1294 1403 1361 dominationi

209 1405 304 1486 atquo
329 1400 555 1467 emolumentis
579 1408 683 1467 cetera
704 1406 815 1467 cuncta
835 1408 1037 1487 postponens.
1058 1400 1169 1466 Talem
1190 1423 1223 1466 se
1243 1403 1403 1487 praestitit

209 1506 336 1584 Nicias,
361 1505 434 1572 talis
458 1507 521 1572 fnit
543 1507 664 1572 Laches
687 1507 852 1594 Melanopi
874 1507 962 1574 filius
977 1510 1020 1589 ¹),
1045 1530 1141 1593 quem
1165 1513 1332 1595 cognoscat
1351 1527 1403 1572 ne-

209 1634 294 1679 cesse
314 1618 363 1678 est
383 1616 528 1699 quisquis
548 1614 725 1700 Vesparum
745 1615 942 1680 comoediam
962 1613 1104 1680 lecturus
1124 1620 1189 1693 sst;
1211 1620 1402 1701 quapropter

209 1722 279 1785 vita
301 1721 398 1785 huius
421 1723 484 1785 viri
507 1720 647 1786 breviter
672 1722 725 1787 hic
749 1720 940 1787 delineanda
956 1721 1094 1787 videtur.

255 1826 351 1892 Miles
375 1830 478 1914 igitur
504 1835 571 1894 crat
594 1829 715 1894 Laches
738 1829 842 1894 audax
865 1836 897 1894 01
920 1831 1109 1895 temerarius
1133 1833 1165 1894 et
1189 1850 1205 1894 a
1229 1826 1401 1893 1101110111-

209 1935 289 1999 tiore
321 1932 460 2013 alienus,
493 1935 630 2022 dignum
662 1939 728 2001 suis
760 1935 920 2002 natalibus
944 1939 990 2000 ita
1014 1957 1046 2000 se
1070 1943 1251 2021 praestans;
1277 1956 1400 2021 apage

209 2043 295 2104 enim
318 2041 447 2106 Aenona
461 2039 485 2121 ²)
509 2052 598 2107 ortus
621 2048 705 2120 erat,
730 2045 821 2107 cuius
845 2045 930 2107 cives
953 2046 1085 2127 propter
1106 2043 1168 2106 oris
1188 2043 1401 2125 intemperan-

209 2149 290 2211 tiam
323 2149 357 2211 in
392 2149 599 2233 proverbium
631 2149 774 2214 abierant
788 2146 822 2230 ³).
854 2147 967 2214 Talem
1000 2168 1075 2214 eum
1104 2151 1210 2234 pinxit
1241 2146 1336 2212 Plato
1367 2150 1401 2211 in

211 2252 338 2339 dialogo
362 2253 400 2319 de
424 2253 628 2330 fortitudine,
653 2258 705 2320 cui
729 2258 798 2320 eius
822 2277 937 2321 nomen
961 2255 1117 2341 praefixit.

256 2361 347 2426 Auno
372 2360 437 2427 427
460 2361 580 2427 Laches
603 2365 801 2449 praepositus
821 2368 869 2427 est
887 2361 997 2439 classi,
1021 2383 1118 2447 quam
1137 2361 1347 2426 Athenienses
1365 2362 1399 2424 in

210 2464 354 2532 Siciliam
385 2470 542 2532 miserunt
556 2470 591 2544 ⁴).
617 2467 706 2532 Nihil
731 2477 839 2534 tamen
863 2469 908 2532 ibi
932 2468 1065 2554 perfecit
1089 2467 1173 2553 quod
1198 2472 1286 2531 tanta
1310 2487 1400 2551 expe-

210 2572 329 2638 ditione
353 2573 490 2660 dignum
513 2579 605 2639 esset.
629 2573 757 2639 Scilicet
780 2572 862 2638 nihil
885 2576 954 2639 eius
974 2574 1129 2639 referebat
1148 2576 1285 2659 patriam
1305 2574 1412 2638 rebus-

209 2677 428 2745 Siciliansibus
458 2683 641 2747 immisceri.
673 2680 710 2745 In
735 2679 920 2746 occidentali
943 2688 1032 2767 parte
1055 2683 1153 2745 maris
1176 2680 1400 2746 mediterranei

209 2808 330 2852 novum
353 2789 415 2852 sibi
439 2787 619 2853 dominium
642 2809 752 2874 parare
776 2787 947 2854 studebant
970 2785 1182 2853 Athenienses
1205 2809 1267 2852 non
1290 2790 1398 2851 minus

211 2891 357 2979 amplum
393 2915 495 2979 neque
526 2895 702 2960 minoribus
733 2897 831 2980 copiis
862 2893 993 2958 affluens
1024 2914 1122 2980 quam
1152 2893 1236 2978 quod
1260 2896 1295 2957 in
1318 2895 1400 2957 mari

211 3000 337 3086 Aegaeo
370 3000 430 3065 sibi
461 3001 676 3066 subiecerant:
709 3000 765 3066 ssd
798 3000 835 3064 de
866 2998 984 3065 talibus
1018 3001 1112 3064 rebus
1144 3003 1175 3064 οὐ
1209 3001 1330 3079 oposeta
1357 3001 1398 3078 τῷ

211 3103 358 3187 nazara!
381 3105 464 3185 Quid
484 3104 592 3172 enim?
611 3105 808 3193 populumne
830 3107 1059 3171 Atheniensem
1075 3109 1287 3193 potentiorem
1299 3108 1399 3170 etiam

210 3210 373 3278 redderet?
408 3215 539 3278 novisne
569 3235 645 3278 eum
668 3213 781 3299 opibus
804 3210 933 3278 bearet?
958 3211 1048 3277 Nihil
1071 3211 1229 3278 eiusmodi
1252 3212 1399 3296 cupiebat

210 3320 345 3403 assequi.
389 3317 475 3397 Quae
518 3339 594 3384 vero
628 3319 668 3383 ad
702 3321 803 3404 ipsius
839 3339 1025 3384 crumenam
1060 3319 1261 3404 pertinebant
1295 3317 1398 3384 multo

210 3427 348 3489 maioris
372 3426 402 3488 ei
431 3424 624 3490 videbantur
653 3427 829 3502 momenti,
862 3430 893 3489 ct
917 3430 989 3489 ante
1013 3427 1120 3490 omnia
1143 3424 1319 3490 cavendum
1343 3446 1399 3510 pu-

210 3531 297 3596 tabat
319 3551 357 3596 ne
379 3533 442 3595 iter
465 3530 641 3596 molestum
662 3533 696 3595 in
720 3532 866 3617 regiones
891 3537 1028 3596 remotas
1052 3533 1118 3596 sine
1141 3530 1208 3595 ullo
1233 3551 1290 3596 suo
1314 3551 1399 3596 emo-

208 3636 352 3704 lumento
375 3640 548 3723 suscepisse
574 3638 636 3703 dici
659 3644 775 3723 posset.

209 3929 257 3973 νοις
280 3911 302 3962 δ’
326 3912 390 3974 ῖμοις
413 3909 530 3977 ἐγίγνετο
548 3913 615 3971 τοῖς
633 3911 775 3976 σώφροσι
793 3918 841 3961 τῶν
859 3910 999 3973 ἀνθρώπων,
1017 3909 1191 3976 λογιζομένοις
1210 3909 1276 3960 δυοῖν
1293 3911 1397 3975 ἀγαθοῖν

208 3997 254 4044 τοῦ
273 3992 358 4056 ἑτέρον
372 3993 518 4060 τεύξεσθαι,
534 3993 549 4052 li
567 3993 677 4052 Κλέωνος
694 3992 939 4057 ἀπαλλαγήσεσθαι,
955 3992 968 4042 ὃ
987 3997 1112 4054 μᾶλλον
1130 3991 1234 4058 banc(
1242 4011 1286 4051 ον,
1304 3994 1319 4051 ii
1335 3999 1397 4057 σφοι·

209 4079 274 4127 λεῖοι
292 4075 391 4141 γνώμης
406 4074 618 4138 Λοιιιοδοιιμονῖονς
636 4076 710 4140 σφίσι
727 4075 899 4140 χειρώσεσθαι.

243 4163 266 4222 1)
284 4161 360 4209 Thac.
379 4160 419 4209 ΠΙ
437 4160 477 4209 86.

242 4245 267 4306 2)
284 4243 355 4309 Vosp.
375 4244 432 4304 895,
449 4243 514 4292 Plat.
531 4243 605 4293 Lech.
624 4260 648 4308 p.
669 4242 716 4294 197
727 4261 748 4292 ο.
1093 4299 1094 4304 ¹

242 4329 266 4389 3)
289 4329 441 4376 ononeusos
460 4317 633 4387 ὲκοιιῖῳδοϋνσο
652 4321 686 4383 εἷς
705 4323 886 4388 βλασφήμους,
905 4324 954 4374 vid.
973 4324 1037 4374 Plat.
1055 4325 1113 4383 l.l.;
1132 4323 1190 4373 hinc
1207 4324 1308 4373 verbnm
1326 4322 1396 4390 αῖξω·

209 4407 318 4459 redactas
345 4408 503 4458 maledicendi
529 4424 600 4458 sensu
627 4408 765 4458 adhibitum
792 4424 842 4456 esse
869 4409 975 4456 referunt
998 4407 1160 4472 Harpocratio
1185 4424 1204 4458 s.
1219 4423 1241 4456 ν.
1266 4406 1396 4471 Αἷξωνιῖς,

208 4494 321 4544 Timaeus
339 4508 390 4542 nv.
408 4489 595 4556 οιῖξιονειῖεσῖιιι,
613 4491 786 4556 grammaticus
804 4491 906 4540 Bokkcr.
925 4491 1016 4539 Anocd,
1034 4506 1058 4554 p,
1076 4491 1135 4549 sst;
1152 4491 1217 4554 apud
1231 4490 1395 4539 Menandrum

209 4582 291 4624 autem
314 4576 344 4626 fr.
366 4575 414 4624 256
439 4574 536 4623 anicula
559 4574 667 4624 clamosa
684 4601 719 4612 -
734 4573 837 4639 panaria
854 4574 956 4622 fortasse
975 4600 1006 4610 -
1024 4574 1157 4622 vocabatur
1173 4575 1251 4636 γραῦς
1269 4589 1308 4630 τις
1326 4589 1396 4622 κακο-

208 4659 285 4720 λόγος
302 4652 330 4706 ἔκ
346 4654 412 4705 δυοῖν
430 4655 563 4720 Αἰξωνέων.
580 4657 617 4707 cf.
634 4657 714 4721 Bergk
733 4656 812 4721 Roliq.
831 4671 891 4704 com.
910 4655 962 4704 att.
981 4670 1005 4719 p.
1026 4655 1066 4705 84.

241 4738 567 4804 1)111111.ΙΠ811110.
1000 4725 1002 4730 ¹

1234 4851 1248 4884 0
