<?xml version="1.0" encoding="UTF-8"?>
<!DOCTYPE html PUBLIC "-//W3C//DTD XHTML 1.0 Transitional//EN"
    "http://www.w3.org/TR/xhtml1/DTD/xhtml1-transitional.dtd">
<html xmlns="http://www.w3.org/1999/xhtml" xml:lang="en" lang="en">
 <head>
  <title>
</title>
<meta http-equiv="Content-Type" content="text/html;charset=utf-8" />
  <meta name='ocr-system' content='tesseract 3.04.00' />
  <meta name='ocr-capabilities' content='ocr_page ocr_carea ocr_par ocr_line ocrx_word'/>
</head>
<body>
  <div class='ocr_page' id='page_1' title='image "aristophanisves00leeugoog_0091.png"; bbox 0 0 3538 5536; ppageno 0'>
   <div class='ocr_carea' id='block_1_1' title="bbox 861 585 992 634">
    <p class='ocr_par' dir='ltr' id='par_1_1' title="bbox 861 585 992 634">
     <span class='ocr_line' id='line_1_1' title="bbox 861 585 992 634; baseline -0.015 0"><span class='ocrx_word' id='word_1_1' title='bbox 861 585 992 634; x_wconf 77' lang='grc' dir='ltr'>7118Ρό11.</span> 
     </span>
    </p>
   </div>
   <div class='ocr_carea' id='block_1_2' title="bbox 802 760 1056 818">
    <p class='ocr_par' dir='ltr' id='par_1_2' title="bbox 802 760 1056 818">
     <span class='ocr_line' id='line_1_2' title="bbox 802 760 1056 818; baseline -0.004 -2"><span class='ocrx_word' id='word_1_2' title='bbox 802 760 1056 818; x_wconf 82' lang='grc' dir='ltr'><strong>ΚΟΡΤΦΛΙΟΣ.</strong></span> 
     </span>
    </p>
   </div>
   <div class='ocr_carea' id='block_1_3' title="bbox 465 846 1495 1415">
    <p class='ocr_par' dir='ltr' id='par_1_3' title="bbox 465 846 1407 955">
     <span class='ocr_line' id='line_1_3' title="bbox 465 846 1407 955; baseline -0.001 -18"><span class='ocrx_word' id='word_1_3' title='bbox 465 846 540 939; x_wconf 85' lang='grc' dir='ltr'><strong><em>οίλλ’</em></strong></span> <span class='ocrx_word' id='word_1_4' title='bbox 564 873 598 939; x_wconf 90' lang='grc' dir='ltr'>έκ</span> <span class='ocrx_word' id='word_1_5' title='bbox 621 873 734 939; x_wconf 82' lang='grc' dir='ltr'><strong><em>τούτων</em></strong></span> <span class='ocrx_word' id='word_1_6' title='bbox 758 870 817 953; x_wconf 83' lang='grc' dir='ltr'><strong><em>ίίρα</em></strong></span> <span class='ocrx_word' id='word_1_7' title='bbox 843 873 912 938; x_wconf 88' lang='grc' dir='ltr'><strong><em>τινιί</em></strong></span> <span class='ocrx_word' id='word_1_8' title='bbox 937 897 981 938; x_wconf 92' lang='grc' dir='ltr'>σοι</span> <span class='ocrx_word' id='word_1_9' title='bbox 1007 873 1109 955; x_wconf 82' lang='grc' dir='ltr'><strong><em>ζητεῖν</em></strong></span> <span class='ocrx_word' id='word_1_10' title='bbox 1133 872 1237 947; x_wconf 79' lang='grc' dir='ltr'><strong><em>καινίην</em></strong></span> <span class='ocrx_word' id='word_1_11' title='bbox 1263 873 1407 953; x_wconf 92' lang='grc' dir='ltr'><strong><em>ε’πίνοιαν,</em></strong></span> 
     </span>
    </p>

    <p class='ocr_par' dir='ltr' id='par_1_4' title="bbox 467 976 1430 1168">
     <span class='ocr_line' id='line_1_4' title="bbox 467 976 1430 1065; baseline 0.002 -21"><span class='ocrx_word' id='word_1_12' title='bbox 467 976 531 1054; x_wconf 63' lang='lat' dir='ltr'>{irre</span> <span class='ocrx_word' id='word_1_13' title='bbox 555 1005 591 1045; x_wconf 93' lang='grc' dir='ltr'>σε</span> <span class='ocrx_word' id='word_1_14' title='bbox 613 977 713 1065; x_wconf 80' lang='grc' dir='ltr'><strong><em>λοίίρρ</em></strong></span> <span class='ocrx_word' id='word_1_15' title='bbox 735 981 859 1059; x_wconf 77' lang='grc' dir='ltr'><strong><em>τοίνόρός</em></strong></span> <span class='ocrx_word' id='word_1_16' title='bbox 885 979 965 1046; x_wconf 77' lang='grc' dir='ltr'><strong><em>τονόὶ</em></strong></span> <span class='ocrx_word' id='word_1_17' title='bbox 989 981 1170 1059; x_wconf 72' lang='grc' dir='ltr'><strong><em>καταβῆναι</em></strong></span> <span class='ocrx_word' id='word_1_18' title='bbox 1196 979 1279 1061; x_wconf 79' lang='grc' dir='ltr'><strong><em>δεῦρο</em></strong></span> <span class='ocrx_word' id='word_1_19' title='bbox 1303 981 1430 1055; x_wconf 76' lang='grc' dir='ltr'><strong><em>ποιησει.</em></strong></span> 
     </span>
     <span class='ocr_line' id='line_1_5' title="bbox 790 1111 1060 1168; baseline 0.004 -1"><span class='ocrx_word' id='word_1_20' title='bbox 790 1111 1060 1168; x_wconf 84' lang='grc' dir='ltr'><strong>ΦΙΛΟΚΛΕΩΝ.</strong></span> 
     </span>
    </p>

    <p class='ocr_par' dir='ltr' id='par_1_5' title="bbox 466 1221 1495 1308">
     <span class='ocr_line' id='line_1_6' title="bbox 466 1221 1495 1308; baseline 0 -18"><span class='ocrx_word' id='word_1_21' title='bbox 466 1226 513 1299; x_wconf 81' lang='grc' dir='ltr'>τίς</span> <span class='ocrx_word' id='word_1_22' title='bbox 538 1225 576 1292; x_wconf 72' lang='lat' dir='ltr'>tv</span> <span class='ocrx_word' id='word_1_23' title='bbox 598 1221 647 1292; x_wconf 80' lang='grc' dir='ltr'>οὖν</span> <span class='ocrx_word' id='word_1_24' title='bbox 671 1224 734 1304; x_wconf 75' lang='grc' dir='ltr'><strong><em>εἴης</em></strong></span> <span class='ocrx_word' id='word_1_25' title='bbox 759 1226 873 1308; x_wconf 78' lang='grc' dir='ltr'><em>ζητεῖθ’</em></span> <span class='ocrx_word' id='word_1_26' title='bbox 899 1226 1005 1305; x_wconf 77' lang='grc' dir='ltr'>ὑμεῖς,</span> <span class='ocrx_word' id='word_1_27' title='bbox 1029 1228 1067 1298; x_wconf 74' lang='grc' dir='ltr'>ὣς</span> <span class='ocrx_word' id='word_1_28' title='bbox 1093 1229 1157 1291; x_wconf 75' lang='grc' dir='ltr'>ποῖν</span> <span class='ocrx_word' id='word_1_29' title='bbox 1181 1224 1219 1290; x_wconf 83' lang='grc' dir='ltr'>ὀν</span> <span class='ocrx_word' id='word_1_30' title='bbox 1241 1223 1345 1305; x_wconf 65' lang='lat' dir='ltr'>lyces</span> <span class='ocrx_word' id='word_1_31' title='bbox 1364 1226 1495 1300; x_wconf 76' lang='grc' dir='ltr'>ποιοίην·</span> 
     </span>
    </p>

    <p class='ocr_par' dir='ltr' id='par_1_6' title="bbox 465 1329 1436 1415">
     <span class='ocr_line' id='line_1_7' title="bbox 465 1329 1436 1415; baseline -0.001 -17"><span class='ocrx_word' id='word_1_32' title='bbox 465 1329 542 1398; x_wconf 80' lang='grc' dir='ltr'><strong><em>οὕτω</em></strong></span> <span class='ocrx_word' id='word_1_33' title='bbox 567 1338 659 1398; x_wconf 86' lang='grc' dir='ltr'><strong><em>κιττῶ</em></strong></span> <span class='ocrx_word' id='word_1_34' title='bbox 684 1335 735 1398; x_wconf 69' lang='lat' dir='ltr'>brol</span> <span class='ocrx_word' id='word_1_35' title='bbox 759 1340 817 1398; x_wconf 83' lang='grc' dir='ltr'>τῶν</span> <span class='ocrx_word' id='word_1_36' title='bbox 841 1333 968 1398; x_wconf 75' lang='grc' dir='ltr'><strong><em>σανίδων</em></strong></span> <span class='ocrx_word' id='word_1_37' title='bbox 993 1333 1078 1410; x_wconf 70' lang='grc' dir='ltr'><strong><em>μετὰ</em></strong></span> <span class='ocrx_word' id='word_1_38' title='bbox 1102 1332 1236 1415; x_wconf 74' lang='grc' dir='ltr'><strong><em>χοιρίνης</em></strong></span> <span class='ocrx_word' id='word_1_39' title='bbox 1260 1333 1436 1414; x_wconf 83' lang='grc' dir='ltr'><strong><em>περιελίείν.</em></strong></span> 
     </span>
    </p>
   </div>
   <div class='ocr_carea' id='block_1_4' title="bbox 445 1457 1543 2460">
    <p class='ocr_par' dir='ltr' id='par_1_7' title="bbox 445 1457 1543 2460">
     <span class='ocr_line' id='line_1_8' title="bbox 801 1457 1055 1521; baseline -0.004 0"><span class='ocrx_word' id='word_1_40' title='bbox 801 1457 1055 1521; x_wconf 82' lang='grc' dir='ltr'>ΚΟΡΤΦΛΙΟΣ.</span> 
     </span>
     <span class='ocr_line' id='line_1_9' title="bbox 466 1567 1429 1656; baseline 0 -14"><span class='ocrx_word' id='word_1_41' title='bbox 466 1567 547 1642; x_wconf 89' lang='grc' dir='ltr'><strong><em>έσσιν</em></strong></span> <span class='ocrx_word' id='word_1_42' title='bbox 569 1578 629 1652; x_wconf 78' lang='grc' dir='ltr'><strong><em>ὀπίη</em></strong></span> <span class='ocrx_word' id='word_1_43' title='bbox 653 1577 716 1651; x_wconf 76' lang='grc' dir='ltr'>δῆθ’</span> <span class='ocrx_word' id='word_1_44' title='bbox 742 1575 833 1653; x_wconf 75' lang='grc' dir='ltr'><strong><em>ἥντιν’</em></strong></span> <span class='ocrx_word' id='word_1_45' title='bbox 858 1577 895 1644; x_wconf 84' lang='grc' dir='ltr'>ὀιν</span> <span class='ocrx_word' id='word_1_46' title='bbox 921 1576 1032 1643; x_wconf 81' lang='grc' dir='ltr'><strong><em>ἔνδοίεν</em></strong></span> <span class='ocrx_word' id='word_1_47' title='bbox 1057 1573 1113 1650; x_wconf 69' lang='lat' dir='ltr'>alde</span> <span class='ocrx_word' id='word_1_48' title='bbox 1139 1578 1167 1642; x_wconf 83' lang='lat' dir='ltr'>r&#39;</span> <span class='ocrx_word' id='word_1_49' title='bbox 1191 1576 1252 1654; x_wconf 84' lang='grc' dir='ltr'><strong><em>είης</em></strong></span> <span class='ocrx_word' id='word_1_50' title='bbox 1278 1575 1429 1656; x_wconf 76' lang='grc' dir='ltr'><strong><em>διορύξαι,</em></strong></span> 
     </span>
     <span class='ocr_line' id='line_1_10' title="bbox 445 1677 1520 1772; baseline 0.001 -25"><span class='ocrx_word' id='word_1_51' title='bbox 445 1677 523 1750; x_wconf 59' lang='grc' dir='ltr'><strong><em>ἐἶτ’</em></strong></span> <span class='ocrx_word' id='word_1_52' title='bbox 543 1685 663 1749; x_wconf 79' lang='grc' dir='ltr'><strong><em>ἐκδῦναι</em></strong></span> <span class='ocrx_word' id='word_1_53' title='bbox 683 1682 809 1765; x_wconf 65' lang='lat' dir='ltr'>„fideret</span> <span class='ocrx_word' id='word_1_54' title='bbox 830 1684 995 1764; x_wconf 81' lang='grc' dir='ltr'><strong><em>κρνφίείς”</em></strong></span> <span class='ocrx_word' id='word_1_55' title='bbox 1017 1681 1116 1763; x_wconf 76' lang='grc' dir='ltr'><strong><em>ὥσπερ</em></strong></span> <span class='ocrx_word' id='word_1_56' title='bbox 1138 1685 1312 1772; x_wconf 80' lang='grc' dir='ltr'><strong><em>πολύμητις</em></strong></span> <span class='ocrx_word' id='word_1_57' title='bbox 1331 1680 1500 1757; x_wconf 74' lang='grc' dir='ltr'><strong><em>Ὀδυσσεύς</em></strong></span> <span class='ocrx_word' id='word_1_58' title='bbox 1511 1703 1520 1762; x_wconf 84' lang='grc'><strong>;</strong></span> 
     </span>
     <span class='ocr_line' id='line_1_11' title="bbox 790 1814 1062 1872; baseline 0.007 -2"><span class='ocrx_word' id='word_1_59' title='bbox 790 1814 1062 1872; x_wconf 84' lang='grc' dir='ltr'><strong>ΦΙΛΟΚΛΕΩΝ.</strong></span> 
     </span>
     <span class='ocr_line' id='line_1_12' title="bbox 465 1915 1521 2011; baseline 0.004 -20"><span class='ocrx_word' id='word_1_60' title='bbox 465 1926 573 1993; x_wconf 86' lang='grc' dir='ltr'><strong><em>ποίνσα</em></strong></span> <span class='ocrx_word' id='word_1_61' title='bbox 596 1915 777 2011; x_wconf 87' lang='grc' dir='ltr'><strong><em>πέφαρκται</em></strong></span> <span class='ocrx_word' id='word_1_62' title='bbox 801 1931 874 1995; x_wconf 82' lang='grc' dir='ltr'>κούκ</span> <span class='ocrx_word' id='word_1_63' title='bbox 898 1927 979 1994; x_wconf 83' lang='grc' dir='ltr'><strong><em>ἔστιν</em></strong></span> <span class='ocrx_word' id='word_1_64' title='bbox 1004 1929 1079 2004; x_wconf 72' lang='grc' dir='ltr'><strong><em>ὀπῆς</em></strong></span> <span class='ocrx_word' id='word_1_65' title='bbox 1105 1928 1167 1995; x_wconf 80' lang='grc' dir='ltr'>οόδ’</span> <span class='ocrx_word' id='word_1_66' title='bbox 1194 1931 1219 1994; x_wconf 89' lang='grc' dir='ltr'>εί</span> <span class='ocrx_word' id='word_1_67' title='bbox 1243 1928 1344 2011; x_wconf 83' lang='grc' dir='ltr'><strong><em>σέρφῳ</em></strong></span> <span class='ocrx_word' id='word_1_68' title='bbox 1370 1928 1521 1995; x_wconf 79' lang='grc' dir='ltr'><strong><em>διαδῦναι.</em></strong></span> 
     </span>
     <span class='ocr_line' id='line_1_13' title="bbox 465 2032 1543 2119; baseline 0.004 -21"><span class='ocrx_word' id='word_1_69' title='bbox 465 2032 550 2114; x_wconf 71' lang='grc' dir='ltr'>ἄλλ’,</span> <span class='ocrx_word' id='word_1_70' title='bbox 571 2032 650 2102; x_wconf 80' lang='grc' dir='ltr'><strong><em>οίλλο</em></strong></span> <span class='ocrx_word' id='word_1_71' title='bbox 671 2061 700 2102; x_wconf 96' lang='grc' dir='ltr'>τι</span> <span class='ocrx_word' id='word_1_72' title='bbox 721 2037 768 2102; x_wconf 76' lang='grc' dir='ltr'>δεῖ</span> <span class='ocrx_word' id='word_1_73' title='bbox 785 2036 886 2119; x_wconf 79' lang='grc' dir='ltr'><strong><em>ζητεῖν</em></strong></span> <span class='ocrx_word' id='word_1_74' title='bbox 908 2039 1010 2111; x_wconf 69' lang='grc' dir='ltr'><strong><em>ὑμᾶς·</em></strong></span> <span class='ocrx_word' id='word_1_75' title='bbox 1031 2037 1121 2101; x_wconf 83' lang='grc' dir='ltr'><strong><em>ὀπίαν</em></strong></span> <span class='ocrx_word' id='word_1_76' title='bbox 1143 2035 1170 2102; x_wconf 78' lang='grc' dir='ltr'>δ’</span> <span class='ocrx_word' id='word_1_77' title='bbox 1183 2037 1237 2101; x_wconf 85' lang='grc' dir='ltr'>οὐκ</span> <span class='ocrx_word' id='word_1_78' title='bbox 1258 2034 1323 2102; x_wconf 79' lang='grc' dir='ltr'><strong><em>ἔστι</em></strong></span> <span class='ocrx_word' id='word_1_79' title='bbox 1343 2037 1497 2114; x_wconf 72' lang='grc' dir='ltr'><strong><em>γενέσθαι.</em></strong></span> <span class='ocrx_word' id='word_1_80' title='bbox 1540 2059 1543 2065; x_wconf 94' lang='grc'><strong><em>·</em></strong></span> 
     </span>
     <span class='ocr_line' id='line_1_14' title="bbox 800 2168 1055 2225; baseline 0 -1"><span class='ocrx_word' id='word_1_81' title='bbox 800 2168 1055 2225; x_wconf 83' lang='grc' dir='ltr'><strong>ΚΟΡΤΦΑΙΟΣ.</strong></span> 
     </span>
     <span class='ocr_line' id='line_1_15' title="bbox 463 2255 1520 2362; baseline 0.004 -20"><span class='ocrx_word' id='word_1_82' title='bbox 463 2278 621 2356; x_wconf 82' lang='grc' dir='ltr'><strong><em>μέμνησαι</em></strong></span> <span class='ocrx_word' id='word_1_83' title='bbox 653 2279 728 2359; x_wconf 71' lang='grc' dir='ltr'><strong>δῆθ’,</strong></span> <span class='ocrx_word' id='word_1_84' title='bbox 760 2277 805 2347; x_wconf 72' lang='grc' dir='ltr'>ὅτ’</span> <span class='ocrx_word' id='word_1_85' title='bbox 831 2281 880 2345; x_wconf 79' lang='grc' dir='ltr'>έπί</span> <span class='ocrx_word' id='word_1_86' title='bbox 913 2285 1062 2361; x_wconf 73' lang='grc' dir='ltr'><strong><em>στρατιᾶς</em></strong></span> <span class='ocrx_word' id='word_1_87' title='bbox 1095 2281 1216 2362; x_wconf 82' lang='grc' dir='ltr'><strong><em>κλέφας</em></strong></span> <span class='ocrx_word' id='word_1_88' title='bbox 1250 2255 1325 2346; x_wconf 75' lang='grc' dir='ltr'><strong><em>ποτέ</em></strong></span> <span class='ocrx_word' id='word_1_89' title='bbox 1354 2281 1423 2353; x_wconf 79' lang='grc' dir='ltr'><strong><em>τοὺς</em></strong></span> <span class='ocrx_word' id='word_1_90' title='bbox 1447 2282 1520 2360; x_wconf 83' lang='grc' dir='ltr'><strong><em>ὀβε-</em></strong></span> 
     </span>
     <span class='ocr_line' id='line_1_16' title="bbox 1256 2388 1379 2460; baseline -0.008 -7"><span class='ocrx_word' id='word_1_91' title='bbox 1256 2388 1379 2460; x_wconf 81' lang='grc' dir='ltr'><strong><em>λίσνίονς</em></strong></span> 
     </span>
    </p>
   </div>
   <div class='ocr_carea' id='block_1_5' title="bbox 362 2560 738 2710">
    <p class='ocr_par' dir='ltr' id='par_1_8' title="bbox 362 2560 738 2710">
     <span class='ocr_line' id='line_1_17' title="bbox 362 2560 707 2628; baseline 0.009 -20"><span class='ocrx_word' id='word_1_92' title='bbox 362 2561 418 2610; x_wconf 81' lang='lat'>346.</span> <span class='ocrx_word' id='word_1_93' title='bbox 436 2560 544 2628; x_wconf 78' lang='grc' dir='ltr'><strong><em>τούτων]</em></strong></span> <span class='ocrx_word' id='word_1_94' title='bbox 562 2561 661 2611; x_wconf 76' lang='grc' dir='ltr'><strong><em>παντων</em></strong></span> <span class='ocrx_word' id='word_1_95' title='bbox 678 2564 707 2612; x_wconf 88' lang='lat' dir='ltr'>R.</span> 
     </span>
     <span class='ocr_line' id='line_1_18' title="bbox 363 2643 738 2710; baseline 0.011 -19"><span class='ocrx_word' id='word_1_96' title='bbox 363 2643 377 2691; x_wconf 83' lang='lat'><strong>3</strong></span> <span class='ocrx_word' id='word_1_97' title='bbox 396 2643 418 2692; x_wconf 89' lang='lat'>8.</span> <span class='ocrx_word' id='word_1_98' title='bbox 436 2647 485 2692; x_wconf 76' lang='grc' dir='ltr'>πᾶν</span> <span class='ocrx_word' id='word_1_99' title='bbox 499 2643 528 2693; x_wconf 72' lang='lat' dir='ltr'>bb</span> <span class='ocrx_word' id='word_1_100' title='bbox 545 2644 659 2710; x_wconf 87' lang='lat' dir='ltr'>Bentley]</span> <span class='ocrx_word' id='word_1_101' title='bbox 679 2650 738 2695; x_wconf 73' lang='grc' dir='ltr'><strong><em>πᾶν.</em></strong></span> 
     </span>
    </p>
   </div>
   <div class='ocr_carea' id='block_1_6' title="bbox 363 2646 1403 2796">
    <p class='ocr_par' dir='ltr' id='par_1_9' title="bbox 363 2646 1403 2796">
     <span class='ocr_line' id='line_1_19' title="bbox 363 2646 1403 2796; baseline 0.004 -22"><span class='ocrx_word' id='word_1_102' title='bbox 363 2646 419 2775; x_wconf 66' lang='lat'><strong>380.</strong></span> <span class='ocrx_word' id='word_1_103' title='bbox 438 2724 557 2794; x_wconf 77' lang='grc' dir='ltr'><strong><em>διορύξαι]</em></strong></span> <span class='ocrx_word' id='word_1_104' title='bbox 574 2723 689 2792; x_wconf 79' lang='grc' dir='ltr'><strong><em>διαλέξαι</em></strong></span> <span class='ocrx_word' id='word_1_105' title='bbox 706 2728 831 2777; x_wconf 80' lang='lat' dir='ltr'>Hermann</span> <span class='ocrx_word' id='word_1_106' title='bbox 849 2735 873 2778; x_wconf 88' lang='lat' dir='ltr'>et</span> <span class='ocrx_word' id='word_1_107' title='bbox 889 2729 996 2778; x_wconf 80' lang='lat' dir='ltr'>Dindorf</span> <span class='ocrx_word' id='word_1_108' title='bbox 1012 2747 1040 2779; x_wconf 85' lang='lat' dir='ltr'>ex</span> <span class='ocrx_word' id='word_1_109' title='bbox 1057 2728 1179 2796; x_wconf 87' lang='lat' dir='ltr'>Hesycbio</span> <span class='ocrx_word' id='word_1_110' title='bbox 1197 2729 1254 2779; x_wconf 95' lang='lat' dir='ltr'>coll.</span> <span class='ocrx_word' id='word_1_111' title='bbox 1271 2729 1327 2794; x_wconf 83' lang='lat' dir='ltr'>Lys.</span> <span class='ocrx_word' id='word_1_112' title='bbox 1346 2728 1403 2781; x_wconf 79' lang='lat'><strong>720.</strong></span> 
     </span>
    </p>
   </div>
   <div class='ocr_carea' id='block_1_7' title="bbox 364 2808 923 2959">
    <p class='ocr_par' dir='ltr' id='par_1_10' title="bbox 364 2808 923 2959">
     <span class='ocr_line' id='line_1_20' title="bbox 364 2808 923 2888; baseline 0.009 -32"><span class='ocrx_word' id='word_1_113' title='bbox 364 2809 420 2859; x_wconf 81' lang='lat'><strong>352.</strong></span> <span class='ocrx_word' id='word_1_114' title='bbox 438 2808 592 2875; x_wconf 71' lang='grc' dir='ltr'>πέφαρκται]</span> <span class='ocrx_word' id='word_1_115' title='bbox 609 2808 751 2873; x_wconf 74' lang='grc' dir='ltr'><strong><em>πέφρακται</em></strong></span> <span class='ocrx_word' id='word_1_116' title='bbox 771 2812 872 2861; x_wconf 90' lang='lat' dir='ltr'>codices.</span> <span class='ocrx_word' id='word_1_117' title='bbox 921 2883 923 2888; x_wconf 26' lang='grc' dir='ltr'>Ι</span> 
     </span>
     <span class='ocr_line' id='line_1_21' title="bbox 364 2891 820 2959; baseline 0.009 -19"><span class='ocrx_word' id='word_1_118' title='bbox 364 2893 420 2942; x_wconf 78' lang='lat'><strong>353.</strong></span> <span class='ocrx_word' id='word_1_119' title='bbox 437 2891 498 2942; x_wconf 63' lang='grc' dir='ltr'>ἄλλ’</span> <span class='ocrx_word' id='word_1_120' title='bbox 515 2892 621 2959; x_wconf 84' lang='lat' dir='ltr'>Hanow]</span> <span class='ocrx_word' id='word_1_121' title='bbox 639 2893 701 2943; x_wconf 75' lang='grc' dir='ltr'>ἀλλ’</span> <span class='ocrx_word' id='word_1_122' title='bbox 719 2895 820 2945; x_wconf 89' lang='lat' dir='ltr'>codices.</span> 
     </span>
    </p>
   </div>
   <div class='ocr_carea' id='block_1_8' title="bbox 259 3077 1529 4801">
    <p class='ocr_par' dir='ltr' id='par_1_11' title="bbox 259 3077 1529 4801">
     <span class='ocr_line' id='line_1_22' title="bbox 259 3077 1521 3145; baseline 0.002 -19"><span class='ocrx_word' id='word_1_123' title='bbox 259 3133 261 3138; x_wconf 19' lang='lat' dir='ltr'><strong>f</strong></span> <span class='ocrx_word' id='word_1_124' title='bbox 364 3079 419 3128; x_wconf 74' lang='grc'><strong>346.</strong></span> <span class='ocrx_word' id='word_1_125' title='bbox 438 3077 498 3144; x_wconf 69' lang='lat' dir='ltr'>dea]</span> <span class='ocrx_word' id='word_1_126' title='bbox 516 3079 565 3129; x_wconf 87' lang='lat' dir='ltr'>vid.</span> <span class='ocrx_word' id='word_1_127' title='bbox 583 3081 615 3128; x_wconf 90' lang='lat' dir='ltr'>ad</span> <span class='ocrx_word' id='word_1_128' title='bbox 632 3097 667 3129; x_wconf 85' lang='lat' dir='ltr'>vs.</span> <span class='ocrx_word' id='word_1_129' title='bbox 685 3080 741 3129; x_wconf 75' lang='lat'>242.</span> <span class='ocrx_word' id='word_1_130' title='bbox 979 3081 1035 3130; x_wconf 79' lang='lat'><strong>353.</strong></span> <span class='ocrx_word' id='word_1_131' title='bbox 1061 3079 1145 3145; x_wconf 86' lang='grc' dir='ltr'><strong><em>ὀπίαν]</em></strong></span> <span class='ocrx_word' id='word_1_132' title='bbox 1168 3081 1204 3130; x_wconf 88' lang='lat' dir='ltr'>ita</span> <span class='ocrx_word' id='word_1_133' title='bbox 1228 3081 1354 3130; x_wconf 77' lang='lat' dir='ltr'><strong>dicebatur</strong></span> <span class='ocrx_word' id='word_1_134' title='bbox 1370 3096 1464 3140; x_wconf 76' lang='grc' dir='ltr'><strong><em>οοεσαε,</em></strong></span> <span class='ocrx_word' id='word_1_135' title='bbox 1481 3079 1521 3128; x_wconf 91' lang='lat' dir='ltr'>cni</span> 
     </span>
     <span class='ocr_line' id='line_1_23' title="bbox 363 3162 1518 3228; baseline 0.001 -18"><span class='ocrx_word' id='word_1_136' title='bbox 363 3162 420 3210; x_wconf 76' lang='lat'>319.</span> <span class='ocrx_word' id='word_1_137' title='bbox 443 3163 534 3227; x_wconf 74' lang='grc' dir='ltr'><strong><em>κιττῶ]</em></strong></span> <span class='ocrx_word' id='word_1_138' title='bbox 559 3163 617 3212; x_wconf 89' lang='lat' dir='ltr'>Pac.</span> <span class='ocrx_word' id='word_1_139' title='bbox 634 3162 683 3214; x_wconf 79' lang='grc'>497</span> <span class='ocrx_word' id='word_1_140' title='bbox 706 3163 770 3212; x_wconf 87' lang='lat' dir='ltr'>redit</span> <span class='ocrx_word' id='word_1_141' title='bbox 790 3163 905 3221; x_wconf 85' lang='lat' dir='ltr'>verbum,</span> <span class='ocrx_word' id='word_1_142' title='bbox 944 3164 1091 3213; x_wconf 86' lang='lat' dir='ltr'>conficiendo</span> <span class='ocrx_word' id='word_1_143' title='bbox 1109 3180 1178 3212; x_wconf 83' lang='grc' dir='ltr'><strong><em>ονοαε</em></strong></span> <span class='ocrx_word' id='word_1_144' title='bbox 1186 3165 1233 3228; x_wconf 80' lang='lat' dir='ltr'>fici</span> <span class='ocrx_word' id='word_1_145' title='bbox 1251 3162 1333 3226; x_wconf 75' lang='grc' dir='ltr'>(ὀπος,</span> <span class='ocrx_word' id='word_1_146' title='bbox 1351 3164 1424 3213; x_wconf 91' lang='lat' dir='ltr'>Hom.</span> <span class='ocrx_word' id='word_1_147' title='bbox 1444 3163 1518 3212; x_wconf 73' lang='lat' dir='ltr'>stol</span> 
     </span>
     <span class='ocr_line' id='line_1_24' title="bbox 329 3244 1522 3310; baseline 0.001 -18"><span class='ocrx_word' id='word_1_148' title='bbox 329 3245 393 3309; x_wconf 92' lang='lat' dir='ltr'>quod</span> <span class='ocrx_word' id='word_1_149' title='bbox 411 3245 440 3292; x_wconf 85' lang='lat' dir='ltr'>de</span> <span class='ocrx_word' id='word_1_150' title='bbox 457 3245 564 3308; x_wconf 84' lang='lat' dir='ltr'>gravidis</span> <span class='ocrx_word' id='word_1_151' title='bbox 580 3246 724 3296; x_wconf 87' lang='lat' dir='ltr'>mulieribus</span> <span class='ocrx_word' id='word_1_152' title='bbox 740 3245 852 3295; x_wconf 87' lang='lat' dir='ltr'>insolitos</span> <span class='ocrx_word' id='word_1_153' title='bbox 875 3245 906 3294; x_wconf 85' lang='lat' dir='ltr'>ci·</span> <span class='ocrx_word' id='word_1_154' title='bbox 945 3249 999 3308; x_wconf 87' lang='lat' dir='ltr'>etc.)</span> <span class='ocrx_word' id='word_1_155' title='bbox 1023 3246 1119 3310; x_wconf 76' lang='lat' dir='ltr'>coaguli</span> <span class='ocrx_word' id='word_1_156' title='bbox 1142 3246 1196 3294; x_wconf 91' lang='lat' dir='ltr'>loco</span> <span class='ocrx_word' id='word_1_157' title='bbox 1214 3247 1325 3295; x_wconf 89' lang='lat' dir='ltr'>inserviit</span> <span class='ocrx_word' id='word_1_158' title='bbox 1332 3267 1338 3305; x_wconf 91' lang='lat'>;</span> <span class='ocrx_word' id='word_1_159' title='bbox 1357 3246 1391 3294; x_wconf 89' lang='lat' dir='ltr'>sic</span> <span class='ocrx_word' id='word_1_160' title='bbox 1409 3246 1434 3295; x_wconf 91' lang='lat' dir='ltr'>in</span> <span class='ocrx_word' id='word_1_161' title='bbox 1451 3244 1522 3310; x_wconf 89' lang='lat' dir='ltr'>Poly·</span> 
     </span>
     <span class='ocr_line' id='line_1_25' title="bbox 329 3324 1519 3394; baseline -0.002 -18"><span class='ocrx_word' id='word_1_162' title='bbox 329 3328 373 3376; x_wconf 87' lang='lat' dir='ltr'>bos</span> <span class='ocrx_word' id='word_1_163' title='bbox 391 3327 574 3392; x_wconf 75' lang='lat' dir='ltr'>appetentibus,</span> <span class='ocrx_word' id='word_1_164' title='bbox 597 3329 654 3378; x_wconf 89' lang='lat' dir='ltr'>binc</span> <span class='ocrx_word' id='word_1_165' title='bbox 671 3336 753 3378; x_wconf 91' lang='lat' dir='ltr'>autem</span> <span class='ocrx_word' id='word_1_166' title='bbox 772 3329 801 3377; x_wconf 89' lang='lat' dir='ltr'>de</span> <span class='ocrx_word' id='word_1_167' title='bbox 820 3328 905 3393; x_wconf 91' lang='lat' dir='ltr'>quovis</span> <span class='ocrx_word' id='word_1_168' title='bbox 944 3330 1027 3393; x_wconf 79' lang='lat' dir='ltr'>plsami</span> <span class='ocrx_word' id='word_1_169' title='bbox 1043 3329 1159 3394; x_wconf 86' lang='lat' dir='ltr'>spelunca</span> <span class='ocrx_word' id='word_1_170' title='bbox 1176 3327 1218 3376; x_wconf 77' lang='grc' dir='ltr'><strong><em>καὶ</em></strong></span> <span class='ocrx_word' id='word_1_171' title='bbox 1231 3329 1303 3390; x_wconf 83' lang='grc' dir='ltr'><strong><em>τνρός</em></strong></span> <span class='ocrx_word' id='word_1_172' title='bbox 1318 3327 1391 3386; x_wconf 90' lang='grc' dir='ltr'><strong><em>ὀπίας</em></strong></span> <span class='ocrx_word' id='word_1_173' title='bbox 1405 3324 1463 3376; x_wconf 78' lang='grc' dir='ltr'><strong><em>ἐστί</em></strong></span> <span class='ocrx_word' id='word_1_174' title='bbox 1477 3325 1519 3375; x_wconf 75' lang='grc' dir='ltr'><strong><em>καί</em></strong></span> 
     </span>
     <span class='ocr_line' id='line_1_26' title="bbox 329 3409 1518 3477; baseline 0.001 -19"><span class='ocrx_word' id='word_1_175' title='bbox 329 3409 507 3459; x_wconf 78' lang='lat' dir='ltr'>vehementiore</span> <span class='ocrx_word' id='word_1_176' title='bbox 524 3411 634 3476; x_wconf 89' lang='lat' dir='ltr'>appetitu</span> <span class='ocrx_word' id='word_1_177' title='bbox 652 3412 785 3461; x_wconf 75' lang='lat' dir='ltr'>dicebatur.</span> <span class='ocrx_word' id='word_1_178' title='bbox 945 3412 1002 3472; x_wconf 75' lang='grc' dir='ltr'><strong><em>βοὸς</em></strong></span> <span class='ocrx_word' id='word_1_179' title='bbox 1015 3410 1086 3474; x_wconf 62' lang='lat' dir='ltr'>essa</span> <span class='ocrx_word' id='word_1_180' title='bbox 1099 3412 1244 3477; x_wconf 69' lang='lat' dir='ltr'>(Eunssycl.</span> <span class='ocrx_word' id='word_1_181' title='bbox 1254 3412 1368 3473; x_wconf 82' lang='lat' dir='ltr'>vs.186);</span> <span class='ocrx_word' id='word_1_182' title='bbox 1385 3412 1415 3460; x_wconf 82' lang='lat' dir='ltr'>cf.</span> <span class='ocrx_word' id='word_1_183' title='bbox 1430 3411 1518 3460; x_wconf 75' lang='lat' dir='ltr'>Athen.</span> 
     </span>
     <span class='ocr_line' id='line_1_27' title="bbox 361 3491 1519 3560; baseline 0.002 -20"><span class='ocrx_word' id='word_1_184' title='bbox 361 3520 396 3530; x_wconf 93' lang='lat'>-</span> <span class='ocrx_word' id='word_1_185' title='bbox 413 3491 527 3558; x_wconf 74' lang='grc' dir='ltr'><strong><em>σανίδων]</em></strong></span> <span class='ocrx_word' id='word_1_186' title='bbox 544 3499 572 3542; x_wconf 91' lang='lat' dir='ltr'>ut</span> <span class='ocrx_word' id='word_1_187' title='bbox 591 3493 635 3542; x_wconf 89' lang='lat' dir='ltr'>alii</span> <span class='ocrx_word' id='word_1_188' title='bbox 649 3493 713 3542; x_wconf 85' lang='lat' dir='ltr'>inter</span> <span class='ocrx_word' id='word_1_189' title='bbox 728 3510 830 3544; x_wconf 87' lang='lat' dir='ltr'>amoena</span> <span class='ocrx_word' id='word_1_190' title='bbox 845 3496 906 3542; x_wconf 85' lang='lat' dir='ltr'>Aca·</span> <span class='ocrx_word' id='word_1_191' title='bbox 945 3494 1001 3543; x_wconf 89' lang='lat' dir='ltr'>XIV</span> <span class='ocrx_word' id='word_1_192' title='bbox 1027 3511 1051 3559; x_wconf 87' lang='lat' dir='ltr'>p.</span> <span class='ocrx_word' id='word_1_193' title='bbox 1078 3495 1125 3544; x_wconf 82' lang='grc'>658</span> <span class='ocrx_word' id='word_1_194' title='bbox 1136 3511 1155 3544; x_wconf 94' lang='grc' dir='ltr'>ο.</span> <span class='ocrx_word' id='word_1_195' title='bbox 1186 3495 1233 3544; x_wconf 85' lang='lat' dir='ltr'>Sed</span> <span class='ocrx_word' id='word_1_196' title='bbox 1258 3510 1356 3560; x_wconf 85' lang='lat' dir='ltr'>prorsus</span> <span class='ocrx_word' id='word_1_197' title='bbox 1382 3493 1519 3543; x_wconf 86' lang='lat' dir='ltr'>inauditam</span> 
     </span>
     <span class='ocr_line' id='line_1_28' title="bbox 330 3575 1520 3642; baseline 0 -18"><span class='ocrx_word' id='word_1_198' title='bbox 330 3575 423 3624; x_wconf 86' lang='lat' dir='ltr'>demiae</span> <span class='ocrx_word' id='word_1_199' title='bbox 441 3575 531 3634; x_wconf 86' lang='lat' dir='ltr'>vireta,</span> <span class='ocrx_word' id='word_1_200' title='bbox 555 3576 590 3625; x_wconf 86' lang='lat' dir='ltr'>sic</span> <span class='ocrx_word' id='word_1_201' title='bbox 607 3583 688 3625; x_wconf 88' lang='lat' dir='ltr'>noster</span> <span class='ocrx_word' id='word_1_202' title='bbox 704 3577 777 3625; x_wconf 90' lang='lat' dir='ltr'>homo</span> <span class='ocrx_word' id='word_1_203' title='bbox 794 3576 906 3626; x_wconf 88' lang='lat' dir='ltr'>iudiciali</span> <span class='ocrx_word' id='word_1_204' title='bbox 944 3577 1145 3642; x_wconf 84' lang='lat' dir='ltr'>significationem</span> <span class='ocrx_word' id='word_1_205' title='bbox 1176 3577 1230 3627; x_wconf 86' lang='lat' dir='ltr'>voci</span> <span class='ocrx_word' id='word_1_206' title='bbox 1260 3577 1334 3636; x_wconf 90' lang='grc' dir='ltr'><strong><em>ὀπίας</em></strong></span> <span class='ocrx_word' id='word_1_207' title='bbox 1359 3583 1441 3626; x_wconf 90' lang='lat' dir='ltr'>nostro</span> <span class='ocrx_word' id='word_1_208' title='bbox 1466 3577 1520 3625; x_wconf 90' lang='lat' dir='ltr'>loco</span> 
     </span>
     <span class='ocr_line' id='line_1_29' title="bbox 273 3655 1520 3725; baseline 0.002 -19"><span class='ocrx_word' id='word_1_209' title='bbox 273 3675 278 3682; x_wconf 84' lang='lat'><em>·</em></span> <span class='ocrx_word' id='word_1_210' title='bbox 329 3659 409 3706; x_wconf 85' lang='lat' dir='ltr'>surore</span> <span class='ocrx_word' id='word_1_211' title='bbox 434 3664 557 3723; x_wconf 88' lang='lat' dir='ltr'>correptus</span> <span class='ocrx_word' id='word_1_212' title='bbox 587 3659 650 3708; x_wconf 86' lang='lat' dir='ltr'>inter</span> <span class='ocrx_word' id='word_1_213' title='bbox 681 3656 799 3719; x_wconf 76' lang='grc' dir='ltr'><strong><em>σανίδας,</em></strong></span> <span class='ocrx_word' id='word_1_214' title='bbox 824 3659 851 3709; x_wconf 65' lang='lat' dir='ltr'>,id</span> <span class='ocrx_word' id='word_1_215' title='bbox 869 3666 905 3708; x_wconf 89' lang='lat' dir='ltr'>est</span> <span class='ocrx_word' id='word_1_216' title='bbox 944 3661 1032 3710; x_wconf 85' lang='lat' dir='ltr'>tribuit</span> <span class='ocrx_word' id='word_1_217' title='bbox 1044 3660 1232 3725; x_wconf 82' lang='lat' dir='ltr'>Aristophanes,</span> <span class='ocrx_word' id='word_1_218' title='bbox 1246 3677 1260 3708; x_wconf 87' lang='lat' dir='ltr'>a</span> <span class='ocrx_word' id='word_1_219' title='bbox 1275 3660 1427 3709; x_wconf 89' lang='lat' dir='ltr'>substantivo</span> <span class='ocrx_word' id='word_1_220' title='bbox 1441 3657 1455 3713; x_wconf 74' lang='grc' dir='ltr'>ἡ</span> <span class='ocrx_word' id='word_1_221' title='bbox 1471 3655 1520 3714; x_wconf 80' lang='grc' dir='ltr'><strong><em>ὀπνί</em></strong></span> 
     </span>
     <span class='ocr_line' id='line_1_30' title="bbox 329 3739 1521 3808; baseline 0 -20"><span class='ocrx_word' id='word_1_222' title='bbox 329 3741 494 3802; x_wconf 77' lang='grc' dir='ltr'><strong><em>γραμματεῖα</em></strong></span> <span class='ocrx_word' id='word_1_223' title='bbox 513 3741 563 3790; x_wconf 87' lang='lat' dir='ltr'>sive</span> <span class='ocrx_word' id='word_1_224' title='bbox 580 3739 646 3806; x_wconf 78' lang='grc' dir='ltr'><strong><em>ξιίλα</em></strong></span> <span class='ocrx_word' id='word_1_225' title='bbox 664 3740 837 3801; x_wconf 72' lang='grc' dir='ltr'><strong><em>λελευκασμένα</em></strong></span> <span class='ocrx_word' id='word_1_226' title='bbox 854 3743 905 3791; x_wconf 87' lang='lat' dir='ltr'>sive</span> <span class='ocrx_word' id='word_1_227' title='bbox 944 3760 987 3808; x_wconf 87' lang='lat' dir='ltr'>per</span> <span class='ocrx_word' id='word_1_228' title='bbox 1009 3743 1090 3792; x_wconf 90' lang='lat' dir='ltr'>iocum</span> <span class='ocrx_word' id='word_1_229' title='bbox 1111 3749 1234 3808; x_wconf 83' lang='lat' dir='ltr'>repetens,</span> <span class='ocrx_word' id='word_1_230' title='bbox 1258 3742 1328 3806; x_wconf 86' lang='lat' dir='ltr'>quasi</span> <span class='ocrx_word' id='word_1_231' title='bbox 1344 3743 1521 3807; x_wconf 77' lang='lat' dir='ltr'>fenestrarium</span> 
     </span>
     <span class='ocr_line' id='line_1_31' title="bbox 330 3819 1520 3896; baseline 0.001 -25"><span class='ocrx_word' id='word_1_232' title='bbox 330 3819 491 3884; x_wconf 80' lang='grc' dir='ltr'><strong><em>λινκνίματα,</em></strong></span> <span class='ocrx_word' id='word_1_233' title='bbox 497 3824 778 3889; x_wconf 84' lang='lat' dir='ltr'>obambularegestit.1n</span> <span class='ocrx_word' id='word_1_234' title='bbox 785 3825 904 3874; x_wconf 85' lang='lat' dir='ltr'>dealbatis</span> <span class='ocrx_word' id='word_1_235' title='bbox 945 3827 1010 3875; x_wconf 90' lang='lat' dir='ltr'>dicas</span> <span class='ocrx_word' id='word_1_236' title='bbox 1024 3826 1146 3896; x_wconf 83' lang='lat' dir='ltr'>hominem</span> <span class='ocrx_word' id='word_1_237' title='bbox 1163 3824 1205 3890; x_wconf 91' lang='lat' dir='ltr'>qui</span> <span class='ocrx_word' id='word_1_238' title='bbox 1220 3841 1262 3890; x_wconf 88' lang='lat' dir='ltr'>per</span> <span class='ocrx_word' id='word_1_239' title='bbox 1278 3826 1409 3875; x_wconf 77' lang='lat' dir='ltr'>fenestram</span> <span class='ocrx_word' id='word_1_240' title='bbox 1418 3826 1520 3889; x_wconf 83' lang='lat' dir='ltr'>effugere</span> 
     </span>
     <span class='ocr_line' id='line_1_32' title="bbox 329 3906 1521 3972; baseline 0 -18"><span class='ocrx_word' id='word_1_241' title='bbox 329 3906 395 3956; x_wconf 87' lang='lat' dir='ltr'>hisce</span> <span class='ocrx_word' id='word_1_242' title='bbox 411 3906 516 3966; x_wconf 89' lang='lat' dir='ltr'>tabulis,</span> <span class='ocrx_word' id='word_1_243' title='bbox 543 3924 604 3972; x_wconf 89' lang='lat' dir='ltr'>quae</span> <span class='ocrx_word' id='word_1_244' title='bbox 621 3908 652 3956; x_wconf 87' lang='lat' dir='ltr'>ad</span> <span class='ocrx_word' id='word_1_245' title='bbox 668 3907 776 3956; x_wconf 89' lang='lat' dir='ltr'>tribunal</span> <span class='ocrx_word' id='word_1_246' title='bbox 793 3908 904 3968; x_wconf 83' lang='lat' dir='ltr'>stabant,</span> <span class='ocrx_word' id='word_1_247' title='bbox 944 3915 1051 3968; x_wconf 83' lang='lat' dir='ltr'>conetur,</span> <span class='ocrx_word' id='word_1_248' title='bbox 1077 3915 1105 3957; x_wconf 89' lang='lat' dir='ltr'>ut</span> <span class='ocrx_word' id='word_1_249' title='bbox 1130 3924 1203 3972; x_wconf 91' lang='lat' dir='ltr'>supra</span> <span class='ocrx_word' id='word_1_250' title='bbox 1229 3924 1264 3956; x_wconf 89' lang='lat' dir='ltr'>vs.</span> <span class='ocrx_word' id='word_1_251' title='bbox 1283 3907 1331 3956; x_wconf 77' lang='lat'>206</span> <span class='ocrx_word' id='word_1_252' title='bbox 1357 3907 1454 3970; x_wconf 81' lang='grc' dir='ltr'><strong><em>ὀρσφίαν</em></strong></span> <span class='ocrx_word' id='word_1_253' title='bbox 1479 3906 1521 3971; x_wconf 90' lang='lat' dir='ltr'>qni</span> 
     </span>
     <span class='ocr_line' id='line_1_33' title="bbox 330 3989 1521 4056; baseline 0 -18"><span class='ocrx_word' id='word_1_254' title='bbox 330 3993 354 4038; x_wconf 88' lang='lat' dir='ltr'>et</span> <span class='ocrx_word' id='word_1_255' title='bbox 385 3989 435 4037; x_wconf 84' lang='lat' dir='ltr'>alia</span> <span class='ocrx_word' id='word_1_256' title='bbox 465 3989 608 4054; x_wconf 83' lang='lat' dir='ltr'>legebantur</span> <span class='ocrx_word' id='word_1_257' title='bbox 640 3995 665 4038; x_wconf 94' lang='lat' dir='ltr'>et</span> <span class='ocrx_word' id='word_1_258' title='bbox 689 3989 822 4038; x_wconf 84' lang='lat' dir='ltr'>indicetne</span> <span class='ocrx_word' id='word_1_259' title='bbox 835 3997 904 4039; x_wconf 85' lang='lat' dir='ltr'>erant</span> <span class='ocrx_word' id='word_1_260' title='bbox 943 4009 985 4056; x_wconf 90' lang='lat' dir='ltr'>per</span> <span class='ocrx_word' id='word_1_261' title='bbox 1006 3997 1111 4050; x_wconf 86' lang='lat' dir='ltr'>tectum;</span> <span class='ocrx_word' id='word_1_262' title='bbox 1137 3991 1259 4040; x_wconf 84' lang='lat' dir='ltr'>subsimili</span> <span class='ocrx_word' id='word_1_263' title='bbox 1276 3991 1404 4039; x_wconf 82' lang='lat' dir='ltr'>verborum</span> <span class='ocrx_word' id='word_1_264' title='bbox 1420 3991 1477 4054; x_wconf 87' lang='lat' dir='ltr'>lusu</span> <span class='ocrx_word' id='word_1_265' title='bbox 1495 3989 1521 4038; x_wconf 90' lang='lat' dir='ltr'>in</span> 
     </span>
     <span class='ocr_line' id='line_1_34' title="bbox 330 4072 1529 4138; baseline 0.002 -18"><span class='ocrx_word' id='word_1_266' title='bbox 330 4089 417 4121; x_wconf 85' lang='lat' dir='ltr'>causae</span> <span class='ocrx_word' id='word_1_267' title='bbox 441 4089 501 4137; x_wconf 86' lang='lat' dir='ltr'>quac</span> <span class='ocrx_word' id='word_1_268' title='bbox 523 4073 634 4138; x_wconf 81' lang='lat' dir='ltr'>deinceps</span> <span class='ocrx_word' id='word_1_269' title='bbox 656 4079 735 4122; x_wconf 86' lang='lat' dir='ltr'>essent</span> <span class='ocrx_word' id='word_1_270' title='bbox 751 4073 903 4122; x_wconf 86' lang='lat' dir='ltr'>indicandae.</span> <span class='ocrx_word' id='word_1_271' title='bbox 943 4081 1026 4123; x_wconf 90' lang='lat' dir='ltr'>nostra</span> <span class='ocrx_word' id='word_1_272' title='bbox 1047 4074 1132 4138; x_wconf 80' lang='lat' dir='ltr'>lingua</span> <span class='ocrx_word' id='word_1_273' title='bbox 1150 4073 1239 4123; x_wconf 83' lang='lat' dir='ltr'>dixeris</span> <span class='ocrx_word' id='word_1_274' title='bbox 1256 4090 1297 4122; x_wconf 81' lang='grc' dir='ltr'><strong><em>οοα</em></strong></span> <span class='ocrx_word' id='word_1_275' title='bbox 1315 4073 1457 4123; x_wconf 61' lang='grc' dir='ltr'><strong><em>Ιοαίίιοααατ.</em></strong></span> <span class='ocrx_word' id='word_1_276' title='bbox 1477 4072 1529 4122; x_wconf 80' lang='lat' dir='ltr'>Co-</span> 
     </span>
     <span class='ocr_line' id='line_1_35' title="bbox 275 4154 1520 4224; baseline 0.002 -21"><span class='ocrx_word' id='word_1_277' title='bbox 275 4207 282 4224; x_wconf 49' lang='lat'><strong>·</strong></span> <span class='ocrx_word' id='word_1_278' title='bbox 330 4154 368 4204; x_wconf 85' lang='lat' dir='ltr'>Of.</span> <span class='ocrx_word' id='word_1_279' title='bbox 385 4171 420 4204; x_wconf 88' lang='lat' dir='ltr'>vs.</span> <span class='ocrx_word' id='word_1_280' title='bbox 439 4155 495 4204; x_wconf 79' lang='grc'><strong>848.</strong></span> <span class='ocrx_word' id='word_1_281' title='bbox 943 4157 1020 4207; x_wconf 89' lang='lat' dir='ltr'>micus</span> <span class='ocrx_word' id='word_1_282' title='bbox 1043 4157 1127 4206; x_wconf 87' lang='lat' dir='ltr'>eodem</span> <span class='ocrx_word' id='word_1_283' title='bbox 1149 4157 1245 4206; x_wconf 89' lang='lat' dir='ltr'>iocandi</span> <span class='ocrx_word' id='word_1_284' title='bbox 1263 4173 1348 4221; x_wconf 81' lang='lat' dir='ltr'>genere</span> <span class='ocrx_word' id='word_1_285' title='bbox 1366 4173 1437 4216; x_wconf 87' lang='lat' dir='ltr'>usus,</span> <span class='ocrx_word' id='word_1_286' title='bbox 1455 4159 1520 4222; x_wconf 90' lang='lat' dir='ltr'>quod</span> 
     </span>
     <span class='ocr_line' id='line_1_36' title="bbox 364 4237 1521 4306; baseline 0.003 -22"><span class='ocrx_word' id='word_1_287' title='bbox 364 4237 432 4302; x_wconf 79' lang='lat'>351]</span> <span class='ocrx_word' id='word_1_288' title='bbox 447 4238 651 4301; x_wconf 20' lang='lat' dir='ltr'>‘quemadmodum</span> <span class='ocrx_word' id='word_1_289' title='bbox 667 4237 751 4287; x_wconf 81' lang='lat' dir='ltr'>Ulixes</span> <span class='ocrx_word' id='word_1_290' title='bbox 766 4238 904 4303; x_wconf 82' lang='lat' dir='ltr'>speculator</span> <span class='ocrx_word' id='word_1_291' title='bbox 943 4256 1088 4306; x_wconf 80' lang='lat' dir='ltr'>magnopere</span> <span class='ocrx_word' id='word_1_292' title='bbox 1110 4241 1222 4300; x_wconf 87' lang='lat' dir='ltr'>amabat,</span> <span class='ocrx_word' id='word_1_293' title='bbox 1245 4240 1358 4289; x_wconf 88' lang='lat' dir='ltr'>adhibuit</span> <span class='ocrx_word' id='word_1_294' title='bbox 1382 4240 1455 4288; x_wconf 88' lang='lat' dir='ltr'>verba</span> <span class='ocrx_word' id='word_1_295' title='bbox 1479 4239 1521 4288; x_wconf 91' lang='grc' dir='ltr'>Δί-</span> 
     </span>
     <span class='ocr_line' id='line_1_37' title="bbox 330 4319 1519 4386; baseline 0.003 -19"><span class='ocrx_word' id='word_1_296' title='bbox 330 4335 385 4368; x_wconf 88' lang='lat' dir='ltr'>cum</span> <span class='ocrx_word' id='word_1_297' title='bbox 416 4319 441 4368; x_wconf 91' lang='lat' dir='ltr'>in</span> <span class='ocrx_word' id='word_1_298' title='bbox 472 4320 571 4369; x_wconf 86' lang='lat' dir='ltr'>Troiam</span> <span class='ocrx_word' id='word_1_299' title='bbox 602 4327 754 4384; x_wconf 84' lang='lat' dir='ltr'>penetrasset</span> <span class='ocrx_word' id='word_1_300' title='bbox 776 4321 904 4371; x_wconf 87' lang='lat' dir='ltr'>incolumis</span> <span class='ocrx_word' id='word_1_301' title='bbox 943 4341 1034 4372; x_wconf 88' lang='grc' dir='ltr'><strong><em>κτνννα</em></strong></span> <span class='ocrx_word' id='word_1_302' title='bbox 1051 4340 1087 4372; x_wconf 84' lang='lat' dir='ltr'>vs.</span> <span class='ocrx_word' id='word_1_303' title='bbox 1101 4323 1157 4382; x_wconf 79' lang='lat'><strong>368,</strong></span> <span class='ocrx_word' id='word_1_304' title='bbox 1174 4321 1403 4386; x_wconf 75' lang='grc' dir='ltr'><strong><em>ἀνακογχυλιάζων</em></strong></span> <span class='ocrx_word' id='word_1_305' title='bbox 1418 4323 1519 4381; x_wconf 77' lang='grc' dir='ltr'>νε.589,</span> 
     </span>
     <span class='ocr_line' id='line_1_38' title="bbox 330 4400 1519 4469; baseline 0.002 -19"><span class='ocrx_word' id='word_1_306' title='bbox 330 4400 904 4462; x_wconf 65' lang='lat' dir='ltr'>indeevasit;vid.Hom.8246,11ur.Hecub.</span> <span class='ocrx_word' id='word_1_307' title='bbox 944 4403 1121 4469; x_wconf 84' lang='grc' dir='ltr'><strong><em>κατεσικέλιζε</em></strong></span> <span class='ocrx_word' id='word_1_308' title='bbox 1144 4421 1177 4454; x_wconf 82' lang='lat' dir='ltr'>vs.</span> <span class='ocrx_word' id='word_1_309' title='bbox 1202 4405 1259 4464; x_wconf 83' lang='lat'>811,</span> <span class='ocrx_word' id='word_1_310' title='bbox 1285 4401 1370 4465; x_wconf 83' lang='grc' dir='ltr'><strong><em>ἐριώλη</em></strong></span> <span class='ocrx_word' id='word_1_311' title='bbox 1394 4421 1428 4453; x_wconf 87' lang='lat' dir='ltr'>vs.</span> <span class='ocrx_word' id='word_1_312' title='bbox 1446 4405 1519 4466; x_wconf 77' lang='lat'>1148,</span> 
     </span>
     <span class='ocr_line' id='line_1_39' title="bbox 331 4484 1518 4550; baseline 0.003 -17"><span class='ocrx_word' id='word_1_313' title='bbox 331 4485 449 4549; x_wconf 74' lang='lat' dir='ltr'>289sqq„</span> <span class='ocrx_word' id='word_1_314' title='bbox 466 4486 538 4534; x_wconf 90' lang='lat' dir='ltr'>Rhes.</span> <span class='ocrx_word' id='word_1_315' title='bbox 557 4484 605 4536; x_wconf 90' lang='grc'>710</span> <span class='ocrx_word' id='word_1_316' title='bbox 615 4503 675 4550; x_wconf 68' lang='lat' dir='ltr'>sqq„</span> <span class='ocrx_word' id='word_1_317' title='bbox 693 4486 775 4536; x_wconf 89' lang='lat' dir='ltr'>Plaut.</span> <span class='ocrx_word' id='word_1_318' title='bbox 790 4487 904 4542; x_wconf 84' lang='lat' dir='ltr'>Bacchid.</span> <span class='ocrx_word' id='word_1_319' title='bbox 945 4487 1042 4550; x_wconf 86' lang='grc' dir='ltr'><strong><em>ὀρχίλοι</em></strong></span> <span class='ocrx_word' id='word_1_320' title='bbox 1061 4505 1096 4536; x_wconf 88' lang='lat' dir='ltr'>vs.</span> <span class='ocrx_word' id='word_1_321' title='bbox 1116 4488 1188 4547; x_wconf 76' lang='lat'>1513,</span> <span class='ocrx_word' id='word_1_322' title='bbox 1205 4487 1316 4550; x_wconf 79' lang='grc' dir='ltr'><strong><em>τρίορχον</em></strong></span> <span class='ocrx_word' id='word_1_323' title='bbox 1332 4504 1367 4536; x_wconf 87' lang='lat' dir='ltr'>vs.</span> <span class='ocrx_word' id='word_1_324' title='bbox 1383 4487 1518 4547; x_wconf 79' lang='lat' dir='ltr'>15843vid.</span> 
     </span>
     <span class='ocr_line' id='line_1_40' title="bbox 331 4567 1520 4635; baseline 0.003 -19"><span class='ocrx_word' id='word_1_325' title='bbox 331 4568 379 4617; x_wconf 80' lang='grc'>962</span> <span class='ocrx_word' id='word_1_326' title='bbox 388 4584 440 4633; x_wconf 86' lang='lat' dir='ltr'>sqq.</span> <span class='ocrx_word' id='word_1_327' title='bbox 945 4571 1019 4620; x_wconf 89' lang='lat' dir='ltr'>etiem</span> <span class='ocrx_word' id='word_1_328' title='bbox 1036 4567 1157 4630; x_wconf 79' lang='grc' dir='ltr'><strong><em>εἰρεσιώνη</em></strong></span> <span class='ocrx_word' id='word_1_329' title='bbox 1176 4587 1210 4619; x_wconf 88' lang='lat' dir='ltr'>vs.</span> <span class='ocrx_word' id='word_1_330' title='bbox 1225 4571 1282 4630; x_wconf 82' lang='lat'><strong>399,</strong></span> <span class='ocrx_word' id='word_1_331' title='bbox 1296 4567 1376 4635; x_wconf 75' lang='grc' dir='ltr'><strong><em>ἦλιιίζ</em></strong></span> <span class='ocrx_word' id='word_1_332' title='bbox 1376 4587 1408 4618; x_wconf 88' lang='grc' dir='ltr'>ειν</span> <span class='ocrx_word' id='word_1_333' title='bbox 1418 4587 1453 4620; x_wconf 83' lang='lat' dir='ltr'>vs.</span> <span class='ocrx_word' id='word_1_334' title='bbox 1463 4569 1520 4629; x_wconf 81' lang='grc'><strong>772,</strong></span> 
     </span>
     <span class='ocr_line' id='line_1_41' title="bbox 366 4649 1438 4718; baseline 0.003 -18"><span class='ocrx_word' id='word_1_335' title='bbox 366 4651 434 4716; x_wconf 66' lang='grc'><strong>359]</strong></span> <span class='ocrx_word' id='word_1_336' title='bbox 452 4668 481 4700; x_wconf 90' lang='lat' dir='ltr'>ne</span> <span class='ocrx_word' id='word_1_337' title='bbox 496 4651 569 4702; x_wconf 80' lang='lat' dir='ltr'>culici</span> <span class='ocrx_word' id='word_1_338' title='bbox 584 4652 680 4716; x_wconf 88' lang='lat' dir='ltr'>quidem</span> <span class='ocrx_word' id='word_1_339' title='bbox 689 4653 744 4714; x_wconf 72' lang='lat' dir='ltr'>(Aa.</span> <span class='ocrx_word' id='word_1_340' title='bbox 755 4651 794 4711; x_wconf 74' lang='lat'>82,</span> <span class='ocrx_word' id='word_1_341' title='bbox 806 4653 852 4701; x_wconf 78' lang='grc'>569</span> <span class='ocrx_word' id='word_1_342' title='bbox 862 4656 905 4717; x_wconf 87' lang='lat' dir='ltr'>sq.)</span> <span class='ocrx_word' id='word_1_343' title='bbox 945 4649 1072 4713; x_wconf 75' lang='grc' dir='ltr'><strong><em>κλεψύδρα</em></strong></span> <span class='ocrx_word' id='word_1_344' title='bbox 1089 4668 1124 4702; x_wconf 90' lang='lat' dir='ltr'>vs.</span> <span class='ocrx_word' id='word_1_345' title='bbox 1143 4653 1199 4712; x_wconf 80' lang='lat'><strong>858,</strong></span> <span class='ocrx_word' id='word_1_346' title='bbox 1217 4651 1294 4718; x_wconf 76' lang='grc' dir='ltr'><strong><em>ίοίραξ</em></strong></span> <span class='ocrx_word' id='word_1_347' title='bbox 1311 4670 1345 4702; x_wconf 87' lang='lat' dir='ltr'>vs.</span> <span class='ocrx_word' id='word_1_348' title='bbox 1365 4654 1438 4703; x_wconf 76' lang='lat'>1195.</span> 
     </span>
     <span class='ocr_line' id='line_1_42' title="bbox 329 4734 1519 4801; baseline 0.002 -19"><span class='ocrx_word' id='word_1_349' title='bbox 329 4739 398 4798; x_wconf 89' lang='lat' dir='ltr'>patet</span> <span class='ocrx_word' id='word_1_350' title='bbox 415 4734 500 4784; x_wconf 81' lang='lat' dir='ltr'>exitus.</span> <span class='ocrx_word' id='word_1_351' title='bbox 980 4735 1035 4784; x_wconf 77' lang='lat'><strong>354.</strong></span> <span class='ocrx_word' id='word_1_352' title='bbox 1059 4737 1195 4801; x_wconf 73' lang='grc' dir='ltr'><strong><em>στρατιᾶς]</em></strong></span> <span class='ocrx_word' id='word_1_353' title='bbox 1217 4735 1263 4784; x_wconf 87' lang='lat' dir='ltr'>hoc</span> <span class='ocrx_word' id='word_1_354' title='bbox 1286 4735 1432 4784; x_wconf 88' lang='lat' dir='ltr'>vocabulum</span> <span class='ocrx_word' id='word_1_355' title='bbox 1455 4735 1519 4798; x_wconf 86' lang='lat' dir='ltr'>apud</span> 
     </span>
    </p>
   </div>
   <div class='ocr_carea' id='block_1_9' title="bbox 0 0 1787 5536">
    <p class='ocr_par' dir='ltr' id='par_1_12' title="bbox 0 0 1787 5536">
     <span class='ocr_line' id='line_1_43' title="bbox 0 0 1787 5536; baseline 0 0"><span class='ocrx_word' id='word_1_356' title='bbox 0 0 1787 5536; x_wconf 95' lang='lat' dir='ltr'> </span> 
     </span>
    </p>
   </div>
  </div>
 </body>
</html>
