3538 5536
752 584 883 634 mersu.
1334 589 1417 636 XXIII

226 755 261 818 in
290 753 535 818 Atheniensium
565 751 711 837 palatum
734 754 945 818 exercitatum
969 754 1134 832 veniebat,
1160 775 1256 840 quam
1280 775 1342 840 quo
1366 753 1416 819 die

226 861 386 946 integram
410 858 621 946 degustarunt
643 862 797 944 primum.
821 858 923 942 Nam,
950 865 989 924 11
1010 859 1147 952 leviores
1171 861 1325 946 quasdam
1348 880 1418 924 mu·

226 967 363 1031 tationes
397 967 583 1043 mittamus,
619 967 654 1029 in
688 966 854 1051 parabasin
887 972 980 1051 poeta
1011 969 1130 1053 recepit
1161 966 1415 1032 mordacissimos

227 1092 339 1137 versus
373 1071 501 1138 aliunde
534 1072 716 1150 desumtos,
749 1090 885 1158 quorum
917 1093 997 1157 quae
1029 1075 1071 1138 sit
1102 1075 1316 1139 sententiani
1339 1071 1418 1137 bene

228 1181 473 1264 perspiciamus,
509 1177 712 1244 recordemur
745 1183 869 1264 oportet
903 1199 983 1264 quae
1017 1199 1114 1264 supra
1131 1177 1153 1260 ¹)
1190 1181 1417 1264 exposuimus,

228 1286 475 1372 Aristophanem
503 1289 577 1370 post
607 1284 763 1370 Equitum
794 1283 937 1350 fabulam
969 1306 1026 1349 suo
1050 1288 1180 1352 nomine
1203 1306 1313 1352 scenae
1335 1305 1419 1350 com·

229 1396 362 1458 missam
387 1395 423 1457 in
445 1395 497 1457 ius
520 1397 672 1457 vocatum
696 1412 764 1458 esse
788 1396 820 1457 et
843 1391 955 1457 deinde
979 1394 1090 1458 amicis
1114 1392 1256 1458 dramata
1278 1413 1335 1457 sua
1357 1395 1419 1456 tra-

230 1500 346 1565 didisse
368 1501 403 1563 in
423 1505 583 1565 certamen
601 1498 818 1585 proponenda,
841 1497 983 1563 aemulos
1003 1502 1111 1563 autem
1131 1499 1211 1564 hano
1231 1499 1270 1564 ob
1290 1518 1419 1564 oausam

231 1609 390 1688 ,comicae
409 1606 522 1671 Musae
541 1604 720 1670 latronem’'
741 1610 774 1670 11
795 1603 990 1683 „Herculem
1011 1604 1169 1671 alterum'’
1192 1627 1267 1671 eum
1279 1617 1418 1682 vocasse,

230 1713 378 1780 nonsibi
401 1713 455 1778 ssd
479 1711 551 1778 aliis
574 1715 765 1779 1111111111.
789 1710 858 1776 Hos
881 1713 929 1797 igi
944 1732 984 1775 ur
1001 1713 1087 1777 iocos
1106 1712 1334 1797 Aristophanes
1351 1732 1421 1796 rep

229 1819 315 1908 pulit
337 1822 372 1884 in
394 1819 539 1904 parebasi
551 1817 685 1889 ,fabulae
705 1816 815 1894 Pacis,
836 1837 916 1901 quae
936 1817 1026 1882 brevi
1046 1824 1120 1903 post
1135 1816 1262 1885 Cleonis
1281 1815 1421 1884 mortem

231 1932 301 1994 ecta
332 1930 380 1992 est
411 1926 451 1992 ad
482 1925 579 1991 finem
609 1923 685 1991 belli
710 1930 840 1989 tantum
863 1945 926 1988 non
949 1929 1165 1991 consummati
1187 1924 1419 1991 celebrandum.

231 2033 281 2098 Ita
310 2036 420 2098 eutem
442 2031 605 2117 respondit
628 2035 665 2096 ut
688 2029 816 2096 decebat
839 2036 966 2115 poetam
990 2033 1210 2118 ingeniosum
1236 2032 1422 2117 comparati·

232 2162 326 2207 onem
349 2142 453 2218 enim,
482 2159 562 2226 quae
585 2141 619 2202 in
643 2140 712 2203 eius
736 2135 967 2203 contumeliam
990 2157 1008 2204 a
1033 2139 1294 2224 competitoribus
1317 2138 1422 2203 fuerat

213 2241 432 2335 excogitata,
455 2248 503 2311 ita
522 2245 654 2311 detorsit
672 2250 710 2309 11
729 2243 898 2332 magnifice
917 2265 951 2310 se
971 2244 1170 2311 collaudandi
1188 2246 1261 2310 inde
1281 2249 1423 2331 captaret

232 2357 439 2422 occasionem.
474 2351 650 2430 ,Hercules
674 2348 769 2416 sum?
795 2355 881 2429 esto,
906 2348 1080 2418 Cerberum
1102 2351 1216 2417 saltem
1239 2372 1350 2417 meum
1373 2351 1423 2416 de

236 2464 382 2541 „victum
413 2458 496 2524 mihi
526 2457 626 2524 habeo
649 2462 682 2523 et
704 2461 917 2542 prostratnm;
942 2460 1033 2523 cuius
1056 2464 1153 2543 caput
1173 2459 1309 2524 informe
1333 2455 1423 2523 mille

234 2566 460 2648 „adulatorum
490 2565 612 2652 linguis
642 2564 798 2641 micabat,
829 2585 955 2650 voxque
985 2566 1015 2630 ei
1037 2570 1106 2630 erat
1128 2568 1277 2631 torrentis
1298 2564 1424 2629 hiberni

235 2696 312 2762 „per
347 2694 422 2740 saxa
456 2675 597 2749 ruentis,
630 2670 777 2756 oculique
808 2670 985 2757 flagrabant
1013 2671 1102 2738 foedo
1130 2672 1212 2738 lucri
1243 2693 1367 2746 amore,
1391 2675 1424 2735 et

235 2784 365 2870 „gravis
395 2782 541 2866 putrium
570 2780 730 2844 coriorum
754 2776 831 2843 odor
854 2776 1003 2844 cultiores
1026 2778 1170 2844 homines
1194 2801 1234 2845 ex
1256 2781 1325 2844 eius
1347 2779 1424 2843 vici-

235 2892 309 2968 „nia
331 2887 473 2974 fugabat.
498 2884 589 2950 Unus
613 2905 674 2971 ego
697 2904 758 2949 non
783 2887 917 2963 recessi,
941 2885 995 2950 sed
1018 2884 1209 2971 impugnavi
1231 2884 1313 2950 illud
1336 2904 1424 2949 mon·

236 3000 362 3075 „strum
392 3013 494 3078 neque
524 2994 662 3056 missum
692 2991 769 3069 feci,
802 2990 899 3056 donec
929 2993 1014 3056 iners
1044 2991 1175 3073 iacuitf'.
1196 2990 1249 3057 Sic
1273 2989 1420 3058 Cleonem

232 3104 340 3190 pinxit
373 3102 533 3178 comicus,
569 3099 717 3162 imitatus
751 3096 860 3162 locum
892 3097 1108 3176 Hesiodsum,
1143 3098 1201 3163 ubi
1235 3098 1424 3164 describitur

233 3208 406 3296 Typhoeus
435 3205 520 3272 Iovis
552 3204 698 3270 fulmine
721 3204 862 3270 deiectus
894 3210 926 3270 ct
956 3227 1040 3271 nunc
1071 3209 1188 3272 montis
1211 3205 1295 3270 mole
1318 3223 1425 3289 super-

232 3316 385 3402 imposita
408 3315 572 3379 codrcitus.

280 3421 398 3508 Vespas
432 3424 540 3485 autem
574 3440 648 3484 oum
682 3423 883 3497 retractaret,
915 3440 978 3485 non
1010 3423 1048 3484 ut
1081 3420 1183 3486 denuo
1206 3423 1240 3484 in
1264 3424 1424 3485 certamen

232 3533 423 3616 proponeret
453 3525 596 3592 fabulam
627 3524 683 3590 sed
713 3531 750 3590 ut
780 3528 900 3590 iterum
923 3525 1080 3612 populum
1102 3547 1139 3592 11
1162 3527 1333 3593 oblectaret
1345 3525 1382 3606 ⁹),
1408 3547 1425 3591 e

233 3638 318 3703 Pace
336 3633 539 3720 splendidum
559 3633 643 3698 hunc
663 3631 789 3709 locum,
808 3634 864 3716 qui
883 3630 987 3697 multo
1005 3631 1121 3718 plausu
1141 3638 1291 3719 exceptus
1310 3633 1424 3711 fuerat,

233 3743 387 3828 repetivit
401 3739 436 3822 ³).
460 3738 609 3826 Suspicor
629 3743 740 3804 autem
761 3736 871 3803 eadem
891 3740 1050 3804 occasione
1069 3743 1182 3805 natum
1194 3760 1260 3806 esse
1273 3740 1425 3804 festivum

271 3986 295 4048 1)
313 3985 372 4048 Pag.
391 3997 447 4033 xm.

271 4069 296 4130 2)
319 4067 393 4116 Recte
414 4066 460 4116 hac
478 4066 507 4117 de
525 4082 550 4115 11
569 4065 666 4130 scripsit
683 4064 765 4114 Nabar
780 4064 901 4116 Mnemos.
919 4066 984 4115 1883
1000 4083 1025 4132 p.
1046 4065 1106 4118 lot:
1125 4083 1203 4132 „quae
1220 4067 1318 4117 fabulae
1335 4069 1426 4134 populo

235 4150 410 4217 „placuerant,
431 4155 561 4214 postquam
583 4147 707 4214 Dionysiis
725 4147 882 4198 1111111111
900 4149 1008 4214 praemio
1027 4155 1127 4199 ornatae
1143 4156 1225 4210 erant,
1243 4167 1292 4201 non
1308 4151 1427 4201 oblivioni

235 4234 425 4296 „tradebantnr,
452 4233 494 4282 aad
520 4233 588 4282 iestis
612 4238 636 4281 et
657 4231 771 4296 proiectis
789 4232 873 4282 diebus
890 4233 986 4298 saepius
1004 4233 1145 4284 edebantur.
1170 4235 1309 4299 Apparatus
1325 4235 1427 4284 11111111

235 4322 308 4379 „erat
332 4315 411 4366 1111111
439 4321 464 4365 11
489 4321 585 4380 praeter
610 4315 724 4381 plausum
747 4320 833 4379 poetae
856 4316 954 4365 nullum
977 4321 1030 4366 1111
1051 4317 1187 4383 praemium
1203 4317 1367 4383 propositum,
1384 4318 1426 4368 sed

235 4400 360 4466 „populus
377 4405 459 4448 vetera
476 4415 525 4447 non
541 4398 623 4447 minus
640 4397 726 4462 cupida
745 4398 872 4462 expetebat
892 4414 965 4462 qnam
981 4400 1069 4450 nova'’.

273 4483 297 4544 3)
314 4482 344 4531 In
361 4482 424 4531 Pace
441 4481 499 4546 quin
516 4481 621 4546 primum
638 4481 674 4530 ita
691 4479 800 4545 depictus
818 4480 850 4529 sit
868 4480 941 4541 Cleo,
959 4487 1043 4547 postea
1061 4487 1143 4532 autem
1159 4483 1200 4532 hic
1213 4482 1281 4533 locus
1295 4483 1321 4532 in
1335 4482 1427 4548 Vespas

233 4564 391 4630 migraverit,
416 4580 487 4616 namo
514 4564 625 4614 dubitare
651 4568 738 4629 potest.
762 4561 826 4611 Nam
851 4579 922 4613 sunm
946 4565 993 4614 sibi
1015 4566 1097 4615 1111111
1119 4566 1145 4616 in
1168 4567 1231 4616 Pace
1255 4566 1348 4616 obtinet
1366 4565 1427 4616 haec

234 4647 400 4712 comparatio,
418 4664 480 4713 qnae
497 4654 553 4697 ants
570 4652 673 4697 1111111111
690 4645 817 4710 demagogi
833 4662 864 4694 111
880 4647 962 4713 111111
981 4649 1077 4714 quidam
1093 4650 1173 4709 nasci;
1191 4665 1268 4714 nsque
1286 4648 1384 4698 tabulae
1400 4649 1427 4700 in

234 4737 361 4783 certamen
385 4730 523 4796 propositae
548 4748 602 4782 eam
626 4731 730 4780 inserere
753 4729 873 4795 potuisset
894 4738 980 4796 poeta,
1003 4733 1025 4782 si
1041 4733 1092 4782 iam
1108 4738 1181 4783 antea
1198 4748 1252 4784 eam
1269 4731 1427 4784 adhibuisset.
