3538 5536
301 1627 394 1692 Anno
420 1623 506 1691 1885
529 1626 750 1712 Aristophanis
773 1625 991 1692 Achemenses
1014 1627 1099 1692 edidi
1118 1649 1193 1706 oum
1212 1627 1446 1714 prolegomenis

257 1735 289 1798 et
318 1733 554 1797 commentariis
584 1734 687 1818 patrio
718 1752 862 1798 sermone
893 1735 1029 1818 scriptis.
1060 1732 1110 1796 Er
1140 1735 1230 1800 cuius
1251 1733 1326 1798 libri
1349 1731 1445 1796 titulo

258 1837 443 1924 (Bb‘p'rpedcc
465 1861 525 1901 occ
547 1836 773 1920 Aristophontes.
799 1840 903 1903 Jdcreto
926 1839 1003 1903 atala
1031 1839 1080 1903 De
1103 1839 1297 1920 Aeternitas)
1320 1858 1447 1924 appare

256 1946 312 2010 bat
342 1966 396 2010 me
426 1943 563 2010 oliorum
593 1965 719 2030 quoque
742 1944 981 2010 comoediarum
1004 1944 1125 2010 similes
1149 1946 1302 2011 editiones
1326 1965 1445 2031 parare.

258 2051 385 2116 Placuit
408 2056 517 2116 autem
541 2071 577 2116 ea
601 2051 698 2116 editio
721 2053 800 2116 viris
825 2073 963 2137 quorum
984 2054 1167 2136 opinionem
1191 2051 1325 2139 plurimi
1348 2051 1446 2129 facie,

259 2179 361 2244 neque
384 2157 550 2244 discipulis
572 2159 654 2222 meis
674 2161 801 2245 ingrata
819 2158 899 2236 fuit,
920 2159 983 2222 nisi
1003 2157 1104 2223 fallor.
1130 2155 1214 2224 Oum
1234 2163 1342 2223 tamen
1360 2177 1447 2222 raros

259 2286 327 2332 esse
352 2270 489 2330 emtores
512 2263 685 2350 bibliopola
707 2265 790 2329 mihi
812 2265 960 2343 dixisset,
985 2263 1156 2329 consilium
1175 2264 1258 2329 illud
1278 2264 1395 2342 abieci,
1416 2269 1448 2328 et

260 2375 288 2438 si
319 2371 444 2458 quando
474 2373 611 2436 rationes
642 2392 732 2437 meae
763 2371 913 2436 tulissent
935 2370 1078 2436 fabulam
1102 2370 1244 2456 aliquam
1267 2391 1341 2436 oum
1364 2371 1448 2434 notis

260 2479 373 2545 Latine
398 2480 524 2563 scriptis
547 2480 581 2542 in
603 2475 709 2544 lucem
734 2479 880 2542 emittere
902 2479 1064 2542 constitui.

305 2584 482 2670 Vesperum
506 2588 616 2649 autem
639 2584 736 2650 editio
759 2605 853 2671 aegre
876 2582 1046 2649 desiderari
1062 2583 1147 2648 mihi
1164 2584 1341 2649 videbatur.
1365 2581 1449 2648 Nam

261 2695 323 2758 etsi
344 2695 452 2756 textus
475 2691 573 2756 huius
596 2690 722 2756 fabulae
747 2711 822 2756 cura
842 2692 1026 2755 criticorum
1050 2693 1170 2776 passim
1193 2697 1350 2777 purgatus
1373 2692 1449 2754 satis

260 2802 386 2885 integer
408 2800 475 2863 iarn
498 2797 730 2874 circumfertur,
755 2796 860 2862 multa
878 2802 986 2861 tamen
1005 2799 1107 2862 inesse
1125 2796 1291 2862 intellectu
1311 2795 1451 2861 difficilia

262 2925 404 2990 quaeque
428 2925 490 2968 non
513 2903 699 2990 corrigenda
722 2905 786 2967 sint
809 2903 863 2967 sed
887 2901 1090 2988 explicanda,
1112 2905 1313 2968 consentiunt
1331 2922 1449 2966 omnes.

262 3011 404 3076 Richteri
446 3016 572 3087 antem,
616 3011 672 3094 qui
702 3009 838 3074 ultimus
872 3029 947 3074 oum
981 3011 1209 3074 commentario
1244 3029 1317 3073 eam
1351 3006 1451 3073 edidit

262 3117 497 3203 (Aristophanis
519 3114 658 3202 Vespae,
683 3115 782 3182 edidit
801 3115 829 3181 J.
851 3115 982 3180 Richter
1000 3113 1103 3180 Berol.
1126 3112 1235 3195 1858),
1257 3133 1336 3200 quae
1355 3114 1453 3179 fuerit
1501 3183 1504 3188 ,

263 3225 379 3310 peritia
414 3223 528 3287 docent
559 3243 586 3287 e.
607 3243 639 3308 g.
673 3243 752 3308 quae
783 3222 822 3287 ad
855 3242 983 3287 versum
1014 3219 1080 3286 213
1111 3223 1292 3286 annotavit:
1322 3221 1376 3299 „rt
1399 3221 1452 3285 οὐκ

264 3329 527 3412 ἀπεκοιμήθημεν]
558 3332 694 3394 aoristus
724 3350 787 3393 non
817 3327 937 3414 placet,
969 3333 1053 3394 certe
1084 3327 1239 3413 exemplis
1262 3327 1384 3405 careo’',
1409 3365 1452 3376 -

265 3439 317 3504 cui
340 3434 486 3521 exempla
509 3435 674 3521 complura
697 3435 845 3521 praebere
869 3439 993 3520 poterat
1016 3455 1047 3498 v.
1061 3456 1087 3500 c.
1111 3433 1290 3500 Heindorfii
1312 3438 1389 3499 nota
1413 3433 1453 3499 ad

264 3544 390 3609 Platon.
422 3542 553 3629 Protsg.
579 3541 681 3607 3101.
714 3540 817 3620 Quam
844 3545 957 3625 aptum
974 3546 1088 3606 ‘autem
1112 3543 1142 3605 ei
1165 3541 1262 3606 fuerit
1284 3542 1454 3627 ingenium

265 3650 305 3715 ad
326 3649 440 3714 comici
460 3649 589 3714 facetias
613 3669 670 3713 suo
694 3649 797 3733 pretio
821 3647 1031 3712 aestimandas
1050 3652 1082 3711 et
1095 3645 1454 3715 illustrandasluoulen-

265 3761 314 3822 ter
344 3759 475 3841 apparet
506 3757 540 3819 in
572 3756 655 3819 notis
687 3754 726 3819 ad
757 3751 989 3836 11.4511ᾷς;
1016 3753 1135 3825 Θέωλος
1160 3754 1214 3826 τὴν
1238 3755 1382 3832 κεφαλὴν
1406 3754 1454 3819 κδ-

267 3877 359 3933 rcnn,
393 3860 478 3940 ἔχειτ
513 3865 695 3946 „praeterea
799 3857 918 3929 Θέωλος
952 3860 1042 3944 quasi
1073 3859 1197 3934 Θεώλης
1230 3859 1360 3946 quidam
1389 3865 1453 3940 est,

269 3968 350 4047 „diis
378 3969 514 4032 invisus.
548 3965 634 4030 lutra
666 3967 752 4030 enim
783 3985 830 4042 vs.
855 3962 921 4028 416
952 3969 1126 4050 utrumque
1158 3970 1190 4030 et
1221 3966 1399 4045 trorrxtpr'a
1421 3972 1454 4032 et

269 4071 374 4160 „quod
397 4070 496 4147 κόλαξ
518 4071 616 4136 fuerit
638 4073 802 4156 repetitur.
826 4071 993 4136 Postremo
1017 4069 1213 4149 crediderim,
1238 4073 1336 4136 etiam
1355 4074 1453 4137 verbo

269 4181 365 4264 »ὁλᾷς
396 4200 428 4244 v.
456 4175 499 4242 45
530 4176 645 4242 lusisse
672 4174 856 4253 Gomicum,
877 4181 915 4240 ut
938 4182 1021 4241 esset
1043 4176 1057 4239 d
1082 4181 1140 4247 λᾶς
1163 4181 1317 4262 tanquam
1340 4199 1454 4243 saxum

270 4285 438 4373 „Sisyphi,
471 4283 661 4371 impudens,
695 4282 851 4347 bonorum
881 4282 1182 4368 impedimentum''.
1208 4283 1374 4350 -Plura
1403 4306 1455 4350 ex-

269 4389 400 4460 cribere‘
417 4393 509 4478 piget
533 4428 575 4438 —
601 4390 806 4467 oportet-erar
836 4388 899 4470 reip
924 4426 977 4467 —-,
1004 4394 1103 4455 scatet
1133 4396 1241 4456 autem
1265 4392 1333 4455 eius
1356 4391 1454 4456 editio

269 4497 456 4564 huiusmodi
478 4495 757 4562 annotatiunculis.

315 4603 423 4670 Multo
453 4604 587 4669 meliora
615 4602 776 4689 prolatum
804 4603 845 4666 iri
876 4603 910 4665 in
940 4601 1116 4688 Vesperum
1140 4602 1291 4680 editione,
1316 4623 1413 4688 quam
1437 4623 1455 4668 1

272 4711 440 4799 Blaydesio
462 4713 567 4797 parari
589 4711 674 4775 fama
696 4710 774 4787 fert,
799 4710 905 4794 quiris
926 4708 1105 4798 intellegit;
1129 4707 1247 4775 vellem
1265 4711 1456 4776 1111111111
