3538 5536
793 597 924 646 VESPAE·

668 798 816 852 8οΕΝΑ
838 799 1046 854 stetim.

811 923 915 979 Eidem.

768 1067 947 1126 ΣΩΣΙΛΣ.

628 1179 695 1241 (dum
711 1179 852 1244 perterritus
869 1194 965 1228 sursum
981 1181 1096 1244 spectstr)
1112 1182 1114 1188 '

929 1277 1005 1355 οίμοι
1029 1277 1178 1353 δείλαιος·

444 1382 531 1448 τίίεν
554 1383 624 1448 τοτ’
649 1382 836 1462 ε’μτίττοκί
859 1408 910 1462 μοι
934 1386 969 1450 τί
994 1383 1105 1462 βωλίον
1113 1405 1134 1463 ;·
1166 1429 1168 1432 -

702 1514 1013 1573 ΒΔΕΛΤΚΛΕΩΝ.

444 1613 515 1700 icoc
539 1627 649 1696 ἄνοιίεν
672 1633 733 1708 μῦς
758 1628 889 1709 ἓνίβαλέ
915 1652 969 1696 τοι.

768 1761 946 1819 ΣΩΣῙΑΣ.

1007 1859 1095 1925 τίίεν

443 1968 520 2044 niu
546 1966 578 2030 οὐ
603 1966 651 2042 μοὶ
676 1966 744 2045 Δί’,
769 1967 845 2031 αλλ’
870 1965 1068 2042 ὑποδυόμενός
1093 1989 1139 2038 τις
1162 1967 1260 2032 οὑτοσί

445 2070 502 2134 beri
525 2077 584 2136 τῶν
607 2071 778 2153 κεραμίδων
803 2074 951 2148 ἡλιαστὴς
975 2071 1110 2153 ίροφίας.

702 2202 1012 2261 ΒΔΕΛΤΚΛΕΩΝ.

467 2301 571 2364 (petrem
589 2299 750 2365 conspiciens,
769 2300 810 2365 qui
823 2316 866 2366 per
882 2306 974 2350 tectum
992 2301 1105 2366 aufugere
1121 2303 1245 2364 conatum)

445 2396 522 2476 οίμοι
547 2401 750 2480 κακοδαίμων,
776 2402 914 2481 οτροῦίος
938 2400 1010 2482 οὶνίςρ
1033 2401 1200 2479 γίγνεται·

445 2507 645 2580 ἐκπτήσεται.
669 2511 746 2585 τοῦ,
772 2512 830 2573 τοῦ
855 2508 923 2573 ἕοτί
945 2531 996 2584 μοι
1020 2508 1055 2571 τὸ
1080 2507 1198 2574 δίκτυον
1206 2529 1214 2587 ;

444 2616 515 2691 τοῦ,
540 2618 610 2692 τοῦ,
635 2614 732 2678 πάλιν
756 2619 821 2678 τοῦ.

463 2732 597 2796 (Philoclen
614 2739 688 2799 ceput
704 2732 807 2782 retrahit
825 2737 849 2782 et
866 2732 892 2781 in
909 2731 1024 2782 interiore
1041 2733 1127 2782 domus
1144 2733 1252 2802 recedit.)

805 2833 838 2906 νίς
864 2832 920 2896 Δί’
945 2828 963 2905 ἦ
987 2855 1037 2907 μοι
1061 2839 1196 2911 κρεῖττον
1221 2830 1254 2908 ἦν

265 2935 332 3002 210
445 2945 545 3016 τηρεῖν
568 2939 701 3012 Σκιώνην
724 2937 792 3003 cieri
816 2935 922 3003 τούτου
946 2943 999 3002 τοῦ
1023 2938 1150 3016 πατρίς.

1113 3079 1451 3092 -ι--ῄ

299 3144 356 3195 208.
374 3146 428 3211 μοι]
445 3162 494 3207 μον
511 3146 563 3206 VR,
579 3145 692 3196 Meineke
710 3146 805 3195 mavult
822 3161 878 3194 τον.

300 3329 357 3379 204.
373 3330 456 3395 τίθεν]
472 3331 521 3380 vid.
539 3332 571 3380 ed
588 3348 623 3382 vs.
641 3332 715 3381 1145.
878 3330 980 3379 Athenis
997 3334 1021 3378 et
1038 3329 1139 3394 Spartae
1158 3330 1276 3394 agebatur
1292 3331 1321 3379 de
1338 3330 1450 3392 induciis,

299 3411 368 3477 2011]
394 3413 466 3462 iudeo
491 3413 532 3462 seb
558 3418 619 3464 tecto
644 3414 744 3479 depone,
762 3413 839 3462 veluti
879 3413 965 3462 defecit
988 3416 1070 3461 eutem
1092 3411 1166 3460 biduo
1188 3417 1317 3477 postqum
1339 3413 1450 3463 inducine

266 3509 320 3542 mue
337 3497 391 3556 (een
407 3496 629 3562 κοίιίοτροννοονοκο,
646 3504 674 3546 ut
691 3497 765 3562 vulgo
783 3497 840 3546 dici·
877 3502 945 3544 retoe
967 3500 1024 3545 sunt
1045 3495 1124 3543 foetes
1142 3500 1166 3544 et
1182 3495 1234 3543 iure
1250 3495 1352 3544 iurando
1369 3497 1452 3546 confir·

265 3581 306 3625 tur
322 3577 462 3640 zolderrat);
481 3580 512 3629 cf.
529 3580 592 3629 Nub.
612 3579 672 3636 173„
685 3606 719 3618 —
737 3579 839 3630 Tectum
878 3583 959 3626 metes
976 3576 1062 3639 (Thuc.
1079 3577 1114 3625 lv
1132 3576 1280 3638 120-122).
1298 3577 1452 3643 Quapropter

265 3659 367 3724 plenum
393 3667 430 3710 est
455 3667 480 3711 et
503 3663 594 3727 tegulis
618 3662 753 3722 munitum,
777 3678 839 3727 quse
878 3660 1038 3710 Athenienses
1059 3660 1122 3709 hanc
1144 3660 1229 3710 urbem
1247 3660 1277 3709 eb
1294 3660 1397 3710 induciis
1414 3677 1452 3710 ex·
1489 3659 1491 3662 ’

266 3740 394 3803 κεραμῖδος
424 3752 541 3794 vocentur
570 3746 609 3794 vel
642 3745 716 3795 etiem
742 3744 839 3794 nomine
878 3743 1001 3792 cluserunt
1017 3748 1041 3792 et
1057 3739 1178 3803 ψήφισμα
1195 3739 1351 3799 ἐποιήσαντο,
1365 3741 1452 3792 ’Κλέα-

266 3824 394 3874 collectivo
425 3826 438 3875 ὁ
463 3825 569 3889 κέραμος
598 3827 762 3892 designentur,
788 3827 837 3876 vid.
879 3842 917 3883 νος
933 3822 1021 3889 γνώμῃ
1035 3823 1189 3881 πεισθέντες,
1202 3825 1344 3881 Σκιωναίους
1359 3821 1451 3890 ἐξελεῖν

266 3907 330 3957 Nub.
349 3909 414 3957 1126
431 3912 477 3958 τοῦ
493 3908 586 3972 τίγονς
600 3909 606 3978 Ι
619 3911 662 3958 τὸν
679 3907 838 3972 κέραμον
878 3925 908 3956 τε
926 3906 968 3956 καί
984 3906 1128 3956 ἀποκτεῖναι
1146 3906 1214 3968 (ibid.
1232 3907 1297 3968 122),
1318 3907 1379 3957 Post
1394 3913 1453 3957 stre·

174 4011 176 4014 ·
267 3989 440 4052 τνντρίιίοομεν,
461 3992 491 4040 fr.
518 3992 565 4041 349
588 3993 700 4054 κοφίνους
723 3989 750 4040 di
769 3991 839 4040 λίθοιν
878 4006 953 4040 nuum
970 3990 1133 4040 defensionem
1151 3991 1208 4039 urbs
1226 4007 1240 4038 e
1258 3990 1329 4039 Nicia
1344 3996 1368 4040 et
1382 3990 1452 4040 Nico·

266 4066 378 4129 ἐκίνιτνες
400 4070 405 4140 1
428 4070 494 4134 ἡμᾶς
520 4073 579 4133 ίμᾶν
603 4069 646 4122 ἐπὶ
667 4074 710 4122 τὸν
727 4073 840 4136 κέραμον,
879 4079 955 4123 strete
977 4072 1071 4122 incluse
1094 4077 1130 4122 est
1152 4072 1220 4134 (ibid.
1239 4072 1387 4134 ico-181),
1409 4072 1452 4122 sed

267 4153 343 4203 Thuc.
360 4155 387 4203 ΙΙ
404 4157 427 4214 4,
444 4155 553 4220 Xenoph.
569 4155 666 4205 Hellen.
685 4155 719 4204 vl
737 4158 751 4204 b
770 4158 815 4218 59.
878 4172 921 4221 per
951 4156 1072 4219 integrum
1100 4156 1150 4204 fere
1175 4154 1300 4203 biennium
1324 4154 1379 4219 cepi
1402 4171 1452 4203 non
1556 4199 1561 4209 ,

301 4237 357 4285 209.
384 4238 440 4302 τοῦ]
469 4237 533 4303 plur.
556 4235 644 4289 οοῦσίτ
671 4254 705 4287 vs.
723 4239 785 4298 4583
808 4240 840 4288 cf.
878 4239 967 4304 potuit.
982 4237 1045 4302 Ergo
1057 4253 1112 4288 cnm
1120 4237 1213 4302 Vespee
1223 4243 1358 4302 egerentur,
1366 4236 1451 4286 Scione

266 4316 457 4381 esopo-teon
479 4319 578 4383 (Hom).
604 4320 665 4368 Cum
682 4321 755 4369 verbo
772 4321 840 4386 epioe
879 4338 921 4387 per
945 4337 1038 4372 menses
1059 4320 1203 4380 nonnullos,
1225 4319 1299 4370 etiem
1316 4335 1359 4384 per
1376 4318 1451 4410 tripos

266 4399 331 4451 τείοι
352 4402 415 4451 benc
436 4402 627 4452 interiectionem
650 4403 776 4453 cohaerere
799 4403 840 4452 vix
878 4405 1021 4462 hibernum,
1044 4404 1108 4468 quod
1134 4404 1160 4453 in
1185 4402 1289 4452 Thracio
1314 4402 1377 4451 solet
1400 4416 1451 4451 esse

266 4484 416 4535 crediderim.
879 4486 1060 4552 gravissimum,
1086 4486 1211 4535 obsidione
1236 4491 1288 4534 eret
1312 4500 1395 4550 presse
1420 4485 1451 4532 eb

299 4567 368 4632 clu]
393 4567 476 4617 Scione
502 4567 653 4617 Chalcidicos
678 4568 735 4617 urbs
755 4575 784 4618 ut
808 4569 839 4618 cb
879 4569 968 4619 Atticis
990 4568 1105 4634 hoplitie,
1129 4569 1231 4618 necdum
1255 4568 1398 4617 cernebatur
1414 4582 1452 4616 er·

267 4649 451 4699 Atheniensium
474 4650 589 4700 societate
613 4651 724 4700 deficeret
745 4667 761 4699 ο
782 4651 840 4700 Bre-
878 4644 1008 4717 peditiouis
1021 4651 1083 4700 finis.
1099 4650 1158 4700 Post
1166 4667 1251 4716 pacem
1260 4650 1345 4700 Niciee
1354 4650 1452 4700 demum

267 4732 319 4780 eide
336 4734 520 4796 permovebatur
538 4749 565 4782 eo
583 4733 636 4798 ipso
653 4738 774 4798 tempore,
793 4751 839 4799 quo
878 4735 964 4784 civitas
978 4735 1123 4794 fortissime,
1138 4734 1206 4783 cuius
1219 4739 1309 4784 sortem
1323 4733 1452 4799 peciecon-
