3538 5536
282 621 286 629 ¹
335 564 462 612 xxsvur
862 556 994 613 vnsrsn.

335 731 489 818 phanem,
513 732 546 797 id
570 731 689 798 abillo
711 732 786 798 inde
809 732 876 816 die,
903 753 965 818 qno
990 731 1232 798 Daetalensium
1255 727 1363 798 fabula
1386 737 1526 818 spectate

335 844 384 905 est
407 845 439 904 et
462 838 607 917 laudata,
632 841 793 905 neminem
817 839 952 904 Athenis
974 837 1111 917 latebat,
1131 860 1233 925 neque
1253 839 1437 905 archontum
1454 860 1524 925 pro-

335 946 435 1024 fecto,
470 945 524 1011 vel
554 967 724 1013 assessores
755 949 811 1032 qni
841 949 875 1011 in
905 944 1021 1010 fabulis
1053 945 1251 1011 diudicandis
1282 949 1312 1012 ei
1342 966 1360 1011 a
1384 945 1522 1012 consiliis

335 1057 441 1130 erent,
465 1052 576 1140 fugere
598 1052 632 1116 id
655 1055 771 1139 potuit.
795 1050 869 1118 Non
892 1055 979 1118 enim
1003 1059 1040 1119 ut
1059 1055 1270 1140 magistratus
1290 1057 1522 1138 spectatoresve

335 1158 492 1244 deciperet
524 1159 750 1245 Aristophanes
773 1158 885 1225 alienis
909 1162 1091 1226 nominibus
1115 1180 1188 1225 suas
1212 1159 1388 1225 comoedias
1412 1180 1521 1226 scenae

335 1266 574 1343 committebat,
599 1265 654 1330 sed
678 1265 755 1329 diris
778 1289 868 1330 rocas
891 1266 926 1331 id
949 1267 1099 1351 faciebat,
1125 1271 1162 1330 ut
1186 1265 1520 1352 satisfieretlegibus,

335 1392 415 1458 quae
446 1373 598 1439 cavebant
629 1393 668 1438 ne
691 1371 777 1438 ludis
799 1372 936 1459 publicis
960 1379 1116 1440 certarent
1138 1378 1249 1459 poetae
1272 1375 1334 1438 nisi
1358 1376 1414 1460 qui
1436 1376 1522 1441 cives

326 1479 437 1544 Attio
458 1485 562 1544 essent
585 1480 707 1565 optimo
730 1481 809 1545 iure.
1423 1559 1425 1564 ,

380 1586 442 1652 Fac
472 1589 576 1672 igitur
598 1592 667 1650 tam
689 1586 911 1675 impudentem
935 1587 1032 1653 fuisse
1047 1587 1318 1673 Aristophanem,
1344 1592 1381 1651 ut
1404 1589 1455 1651 sui
1476 1588 1524 1672 ip

335 1695 401 1758 sins
432 1691 578 1758 aemulos
608 1692 677 1758 fieri
707 1699 837 1779 cuperet
867 1715 929 1780 qno
960 1695 1075 1760 certior
1103 1698 1187 1759 esset
1210 1696 1380 1773 victoriae,
1405 1695 1523 1759 frustra

335 1806 442 1878 tamen
478 1801 545 1864 sive
581 1821 637 1864 suo
672 1802 802 1866 nomine
837 1802 904 1866 sive
939 1800 1118 1867 Philonidis
1154 1799 1393 1887 Oallistratique
1429 1822 1523 1887 opera

335 1906 457 1971 duabus
487 1904 587 1970 simul
616 1906 786 1972 comoediis
818 1908 927 1973 choros
958 1910 1118 1993 petiturus
1150 1912 1226 1973 erat.
1260 1906 1322 1973 Sed
1346 1906 1523 1993 quaerenda

335 2021 383 2078 est
417 2011 605 2079 didascaliae
636 2034 732 2099 snpra
764 2015 923 2099 ascriptae
954 2016 1125 2092 correctio,
1150 2034 1239 2098 ¹qnae
1261 2019 1293 2078 et
1316 2018 1523 2098 cetera'quae

332 2118 473 2184 indicavi
506 2117 598 2184 tollat
629 2119 829 2185 incommoda
860 2125 892 2184 et
923 2119 1124 2206 Proagonem
1151 2118 1295 2185 fabulam
1324 2141 1387 2184 non
1410 2119 1523 2184 eodem

334 2227 506 2292 certamine
550 2247 611 2310 quo
654 2225 772 2312 Vespas
807 2246 916 2292 scenae
953 2229 1157 2292 commissam
1193 2247 1259 2292 esse
1295 2226 1414 2292 doceat.
1450 2224 1522 2292 Non

339 2331 528 2416 Olympiadis
562 2337 669 2397 autem
704 2353 767 2419 qno
802 2330 909 2398 fabula
944 2338 1013 2398 acta
1046 2340 1094 2399 est
1129 2333 1278 2399 indicatio
1312 2331 1439 2397 inutilis
1473 2337 1523 2396 est

335 2437 472 2504 eruenda
503 2459 520 2503 e
550 2439 657 2503 verbis
684 2441 858 2524 corruptis,
883 2439 938 2504 sed
963 2441 1093 2504 nomina
1116 2440 1314 2523 competitoris
1336 2441 1393 2525 qni
1415 2459 1523 2504 secun-

336 2544 491 2610 distulit
506 2545 697 2631 sobolesque
720 2546 758 2610 ab
783 2567 819 2611 eo
843 2549 1046 2632 compositae.
1071 2546 1175 2613 Verba
1199 2547 1229 2610 εἰσ
1254 2555 1291 2626 τῇ
1317 2545 1404 2610 πόλει
1430 2545 1523 2621 ὄλυμ-

335 2651 439 2730 πισὶδι,
464 2651 517 2718 vel
540 2654 647 2738 potius
671 2661 903 2732 ΕΝΠΟΛΟΛ,
928 2657 1076 2739 corrupta
1098 2659 1173 2719 sunt
1197 2675 1235 2718 ex
1259 2660 1521 2728 ΕΤΠΟΛΠΟΛ,
1545 2701 1547 2706 .

334 2758 451 2824 idest
485 2757 661 2830 Εὔπολις
698 2759 859 2825 Πόλεσι.
890 2759 1057 2826 Praeterea
1087 2759 1242 2847 particula
1275 2761 1329 2824 sat
1358 2758 1522 2826 inlocum

334 2867 463 2952 irrepsit
486 2866 636 2932 alienum.
662 2866 849 2954 Legendum
873 2873 938 2933 est:
1400 2916 1403 2922 -

318 3049 320 3054 Ι
382 2971 527 3052 ἐδιδάχθη
549 2973 600 3037 ’ἐπ’
625 2971 772 3054 ἄρχοντος
797 2976 951 3051 Ἀμεινίου
975 2975 1026 3040 διὰ
1052 2974 1226 3040 Φιλωνίδου.
1251 2967 1386 3044 Εὔσσλιι
1409 2973 1521 3039 Πόλεσι

336 3079 471 3159 δεύτερος
492 3077 535 3156 ἦν.
550 3119 592 3130 -
606 3081 656 3145 sai
679 3083 721 3153 εἰς
742 3083 865 3157 Aristarc
890 3083 974 3146 ἕνιίισι
988 3089 1102 3162 πρῶτος
1118 3081 1281 3156 Φιλωνίδης
1295 3081 1465 3161 Προάγωνι.
1480 3119 1522 3130 -

335 3185 461 3253 Λεύκων
484 3187 637 3267 Πρέσβεσι
661 3189 770 3267 τρίτος.

382 3292 468 3372 Quae
492 3296 519 3358 si
543 3299 627 3360 recte
650 3298 842 3375 statuimus,
867 3295 997 3383 Magnis
1020 3294 1219 3362 Liberalibus
1239 3295 1311 3360 data
1331 3298 1380 3360 est
1398 3293 1521 3371 fabula,

336 3420 444 3465 mense
467 3401 570 3486 igitur
593 3399 711 3467 Martio
736 3405 810 3467 anni
834 3401 900 3468 422
918 3401 957 3484 ¹),
982 3408 1014 3468 et
1037 3404 1142 3488 primo
1166 3408 1276 3468 ornata
1299 3406 1348 3468 est
1371 3403 1522 3488 praemio.

336 3504 466 3592 Integra
496 3512 605 3582 autem
635 3507 701 3574 fere
733 3515 902 3595 supersunt
925 3508 1114 3574 didascaliae
1136 3509 1250 3586 rerba,
1276 3508 1391 3594 quibus
1414 3508 1526 3574 refere-

336 3613 430 3679 batur
461 3612 583 3678 Am'mia
614 3615 754 3678 archonte
792 3616 902 3698 Vespos
935 3615 1109 3680 Philonidis
1141 3615 1188 3696 (id
1218 3621 1266 3680 est
1290 3615 1524 3701 Aristophanis)

263 3729 266 3736 ’
330 3720 450 3804 primos
470 3719 591 3798 tcb'ssc,
614 3721 777 3803 repetitis
800 3722 888 3786 Urbes
899 3725 1059 3801 semaeias,
1072 3723 1219 3788 becconis
1230 3724 1357 3805 deputor
1369 3721 1475 3786 tertias
1488 3717 1523 3802 ²).

370 3982 394 4043 1)
411 3982 432 4029 Ε
450 3998 520 4031 verso
537 3982 585 4031 265
603 3983 697 4048 pridem
714 3984 760 4032 hoc
777 3985 888 4034 effecerat
904 3983 1012 4035 Richter.

371 4063 395 4125 2)
412 4063 540 4129 Inscriptio
559 4081 622 4114 anno
642 4065 706 4116 1878
725 4066 839 4130 evulgato
858 4066 921 4116 OIA.
939 4067 965 4116 II
986 4065 1061 4127 stit,
1080 4083 1141 4132 quac
1159 4067 1190 4116 ed
1208 4066 1322 4116 victorias
1336 4067 1441 4116 scenicas
1453 4066 1526 4116 huius

337 4146 394 4194 enni
420 4152 444 4195 et
470 4147 591 4211 sequentis
618 4148 737 4212 pertinet,
754 4148 812 4196 huic
830 4148 937 4213 opinioni
955 4149 1072 4214 refragari
1089 4150 1197 4200 videtur:
1216 4146 1369 4214 [κωμωιδων]
1400 4149 1404 4214 Ι
1439 4185 1525 4198 ......

336 4228 496 4293 Πσιι(σι)[νιεὺς
520 4226 649 4295 ἐχορήγει]
665 4227 669 4296 Ι
686 4247 778 4287 ..,.σς
802 4227 963 4296 {emaum}
981 4231 1045 4280 Nem
1063 4232 1084 4281 si
1102 4238 1194 4282 certum
1212 4231 1330 4296 estquod
1348 4231 1423 4280 statui
1441 4231 1525 4290 video,

335 4326 423 4360 nomen
446 4318 545 4376 poetes,
568 4313 610 4377 qui
634 4313 732 4376 Magnis
755 4312 908 4363 Liberalibus
932 4314 1005 4363 huius
1030 4315 1088 4364 enni
1110 4315 1182 4374 vicit,
1207 4315 1233 4364 in
1250 4314 1372 4363 lacunosis
1389 4314 1427 4364 his
1446 4315 1525 4364 verbis

335 4395 425 4454 latere,
450 4395 523 4460 idque
549 4396 575 4445 in
600 4412 635 4452 σς
661 4396 774 4456 desiisse,
796 4397 952 4462 Hermippum
976 4398 1041 4447 hunc
1064 4398 1138 4447 fuisse
1161 4398 1200 4447 vel
1221 4399 1365 4462 Arcimpum
1387 4398 1426 4447 vel
1450 4397 1525 4447 etism
1607 4397 1610 4403 ’

338 4477 501 4526 Callistratum
525 4478 641 4542 suspicari
666 4479 811 4543 poterimus,
833 4480 978 4529 ‘Philonides
1003 4497 1059 4529 vero
1086 4480 1227 4545 spoliandus
1255 4480 1301 4528 erit
1326 4479 1434 4544 praemio
1462 4480 1526 4545 quod

335 4560 408 4609 modo
424 4559 446 4609 ei
464 4560 619 4610 decrevimus.
639 4560 686 4610 Sed
702 4578 780 4626 neque
796 4562 895 4627 probari
911 4568 992 4628 potest
1009 4561 1119 4611 ἀστικῶν
1137 4563 1306 4612 tantummodo
1324 4563 1483 4612 certaminum
1500 4563 1526 4612 in

335 4642 381 4690 hoc
401 4641 520 4691 laterculo
544 4643 663 4691 rationem
687 4660 737 4693 esse
760 4644 886 4705 habitum,
908 4662 985 4710 neque
1008 4651 1104 4694 constat
1126 4651 1190 4694 reate
1214 4644 1338 4710 suppletas
1363 4662 1413 4694 esse
1430 4646 1526 4695 litteras

257 4755 261 4764 .
335 4739 395 4790 ques
410 4724 474 4790 lapis
489 4725 599 4784 exhibet,
614 4741 669 4774 cum
682 4727 825 4791 praesertim
840 4733 921 4776 ΠΑΙΔ
938 4728 1108 4793 potiusquam
1126 4733 1208 4776 ΠΑΙΑ
1224 4727 1250 4776 in
1266 4743 1294 4776 eo
1311 4733 1392 4777 extare
1406 4727 1526 4777 videatur.
