3538 5536
783 603 915 653 VESPAB.

476 771 660 852 νάτονιληων
684 779 723 852 τῇ
747 770 836 852 rom
862 768 912 835 λέ-

251 876 316 944 335
521 876 589 955 ξον·
615 878 688 956 τρδς
712 875 813 948 εὔνους
839 879 902 958 γάρ
927 875 1071 956 Φράτεις.

710 1023 984 1081 ΦΙΛΟΚΛΕΩΝ.

386 1152 477 1230 οάμδς
502 1151 580 1226 alde.
605 1153 694 1218 άλλά
718 1154 762 1230 μη
785 1151 903 1231 βοάτε·
929 1152 982 1217 κοιὶ
1007 1152 1252 1235 μάρτνρχάνει

386 1259 483 1325 οὑτοσὶ
509 1261 633 1340 τράσάεν
653 1255 819 1325 'exerceor
844 1261 919 1325 άλλ’
944 1255 1057 1340 ὕφεσθε
1082 1264 1134 1326 τοῦ
1157 1261 1253 1325 τάνον.

658 1393 829 1444 SECUNDUS
848 1394 1035 1448 CHOREUTA.

386 1489 491 1576 τοῦδ’
515 1506 619 1586 ἔφεξιν
643 1505 663 1574 ὦ
688 1509 808 1588 μάτοιιε
833 1515 938 1576 τοιῦτιι
962 1511 1034 1591 δράν
1058 1536 1094 1577 σε
1118 1511 1288 1592 βοάλετοιι,

478 1616 529 1682 cai
553 1616 624 1683 τίνω
648 1618 804 1700 τράφωτιν
830 1615 912 1700 ἔχων
920 1640 929 1698 ;

711 1764 984 1848 ornornnou.

283 1965 287 1970 .
385 1893 438 1957 οὐκ
463 1893 499 1976 ἐᾷ
524 1894 569 1971 μ’,
595 1888 716 1972 ὦνδρες,
741 1889 873 1972 δικάζειν
898 1894 963 1958 οὐδὲ
988 1892 1060 1972 δράν
1084 1892 1168 1958 οὐδὲν
1193 1891 1298 1972 κοινάν,

386 1999 474 2064 άλλά
498 2001 534 2077 μ’
557 2000 683 2080 εὐωχεῖν
708 1996 826 2076 ἕτοιμάς
852 2001 932 2064 ε’σά·
957 2000 1018 2078 ἐγὼ
1043 1999 1070 2064 δ’
1093 2000 1126 2066 οὐ
1149 2000 1318 2080 βοάλομιιι.

515 2127 517 2132 ’
672 2134 811 2184 TERTIUS
829 2135 1017 2186 OHOREU'I'A.

476 2251 559 2314 τοῦτ’
584 2249 733 2326 ε’τάλμητ’
758 2251 772 2315 ά
796 2250 903 2329 μικράς
927 2274 991 2332 χοι-

437 2395 444 2408 ·
477 2363 535 2421 νεῖν
560 2358 573 2421 ά
596 2362 620 2433 †
646 2357 921 2436 Δημολογοκλέων,

476 2458 522 2527 άτι
546 2462 651 2540 λέγεις
675 2486 705 2527 τι
730 2464 880 2545 περὶτῶν
905 2488 949 2528 νε-

479 2576 515 2634 ῶν
539 2569 662 2645 άληάέε.
687 2575 711 2646 †
734 2570 766 2634 οὐ
790 2571 854 2650 γάρ
878 2568 917 2636 άν
943 2572 1008 2636 τοά

477 2673 562 2747 οὗτος
587 2677 660 2755 άνηρ
683 2676 768 2741 τοῦτ’
795 2677 924 2754 ἐτάλμη-
959 2757 961 2760 ¹

616 2807 667 2847 τεν
691 2783 806 2862 λέγειν,
831 2785 856 2848 εἰ

254 2889 318 2955 345
523 2891 567 2968 μη
591 2886 765 2968 ξυνωμότης
789 2914 835 2964 τις
862 2887 906 2964 ἦν.

287 3163 343 3212 339.
369 3161 422 3228 aar]
448 3163 480 3211 ad
505 3167 610 3211 metrum
632 3162 778 3228 explendum
801 3164 896 3213 addidit
921 3164 1013 3228 Bergk,
1036 3162 1195 3223 VMeinelre,
1212 3163 1367 3226 requiruntur
1380 3162 1445 3212 enim

253 3247 300 3295 duo
323 3245 407 3295 cretici
427 3248 465 3307 (=
478 3261 513 3294 vs.
532 3244 596 3308 370).
624 3245 670 3296 Sed
693 3246 766 3294 verba
786 3246 843 3294 τίνοι
860 3250 983 3310 πρόφασιν
999 3241 1068 3310 ’ἔχων
1086 3246 1225 3311 interpretis
1242 3262 1293 3294 esse
1310 3246 1342 3295 ad
1358 3247 1404 3293 τοῦ
1422 3242 1444 3292 δ’

202 3364 205 3369 -
251 3327 335 3393 ’ἔφεξιν
360 3327 483 3393 adscripta
505 3328 665 3393 probabiliter
692 3334 830 3378 statuerunt
852 3329 890 3378 Fi.
908 3327 1061 3379 Christianus
1078 3336 1103 3380 et
1121 3329 1228 3379 Diodori
1232 3350 1238 3388 ;
1263 3328 1305 3393 qui
1323 3328 1345 3377 el
1361 3345 1445 3378 rernm

251 3411 377 3470 viderunt,
394 3411 569 3460 interciderunt
586 3427 647 3476 quae
664 3411 716 3475 ipse
733 3419 806 3475 poeta
823 3412 869 3460 hoc
886 3412 940 3461 loco
958 3413 1094 3478 scripserat.

286 3493 343 3543 842,
366 3490 591 3559 Δημολογοκλέων]
613 3509 658 3542 vor
683 3500 809 3558 corrupta,
827 3495 879 3543 lieri
897 3495 962 3543 enim
979 3511 1028 3544 non
1046 3500 1127 3559 potest
1144 3499 1172 3543 ut
1190 3494 1276 3543 chorus
1297 3494 1389 3544 Cleonis
1405 3510 1446 3542 no-

252 3576 317 3626 mine
339 3575 444 3625 convicii
465 3576 519 3625 loco
543 3581 638 3636 utatur;
656 3577 740 3641 itaque
756 3593 805 3626 non
823 3577 911 3626 sufficit
930 3574 1135 3639 δεινολογοκλέων
1153 3577 1296 3640 (Hermann)
1314 3583 1357 3627 aut
1374 3575 1447 3637 δημο·

253 3655 396 3721 λοχοκλάων
412 3658 546 3721 (Hotibius)
563 3664 607 3708 ant
624 3656 827 3721 μινολογοκλέων
844 3659 966 3722 (Mainake
983 3659 1158 3721 Halbortsma).
1176 3660 1206 3708 In
1219 3659 1240 3707 V
1255 3665 1292 3709 est
1306 3657 1445 3722 δημολάγος

252 3738 338 3789 κλάων.
360 3739 454 3789 Vitium
477 3745 582 3790 testatur
604 3747 723 3800 metrum,
745 3757 802 3789 nam
819 3741 950 3805 requiritur
971 3753 1205 3802 -υ-ῦ-υ-ῦ,
1221 3748 1368 3806 quapropter
1386 3740 1446 3791 Her·

252 3838 327 3870 mann
352 3822 377 3871 in
403 3824 450 3872 fine
475 3822 581 3872 addebat
607 3820 652 3873 άδ’.
674 3822 773 3872 Rectius
796 3823 902 3873 Diodori
918 3824 1006 3873 statuit
1024 3824 1131 3888 syllabas
1149 3821 1236 3872 -κλάων
1254 3841 1282 3874 ex
1300 3825 1445 3889 glossemate

252 3901 408 3953 Βδελυκλέων
425 3904 451 3954 in
466 3911 560 3955 textum
579 3905 715 3970 irrepsisee;
735 3906 893 3955 scholiastam
911 3907 980 3955 alind
997 3903 1055 3970 qnid
1072 3905 1124 3955 h.l.
1141 3905 1229 3970 legisse
1247 3912 1357 3972 apparet.

287 3987 343 4036 343.
366 3984 558 4053 άτι-άληάάς]
581 3989 655 4037 rerba
679 3989 730 4037 sine
752 4005 837 4048 sensu,
854 3989 905 4037 sive
923 3993 979 4037 νεῶν
997 3989 1047 4037 sive
1064 4004 1119 4037 cum
1136 3979 1248 4038 Bentleio
1267 3987 1323 4038 νάων
1341 3990 1431 4039 scribas
1438 4011 1444 4048 ;
1506 4041 1508 4046 ,

252 4069 282 4118 ab
305 4069 480 4134 interpolatore
496 4069 599 4120 lacunae
617 4071 749 4135 explendae
767 4087 840 4120 cansa
858 4073 960 4120 conficta
977 4087 1028 4120 esse
1045 4077 1118 4136 putat
1134 4070 1246 4122 Diodori.
1264 4071 1358 4122 Vocula
1376 4089 1401 4120 τι
1420 4073 1445 4121 in

251 4149 273 4198 V
290 4151 364 4200 deest.

286 4233 342 4282 344.
360 4230 401 4298 άν]
420 4249 467 4282 om.
484 4233 514 4283 R.

287 4496 342 4545 338.
357 4492 452 4562 ἔφεξιν]
466 4518 490 4539 =
503 4494 578 4558 χάριν
593 4495 632 4544 vel
647 4495 729 4560 potins
738 4493 831 4560 τράφοι-
905 4497 953 4546 342
962 4497 1010 4562 κιρ]
1024 4512 1067 4562 pro
1082 4497 1161 4547 verbis
1176 4497 1265 4562 spuriis
1274 4503 1318 4547 aut
1327 4499 1446 4564 corruptis

253 4595 299 4628 νιν.
323 4579 398 4627 Recte
421 4578 447 4626 in
464 4578 557 4627 scholio
580 4585 735 4643 comparatur
757 4578 830 4628 Hom.
870 4580 930 4642 (vid.
951 4597 1007 4629 ann.
1024 4580 1087 4642 crit.)
1104 4581 1194 4646 requiri
1211 4582 1261 4630 fere
1278 4580 1291 4629 ά
1309 4581 1352 4629 τδν
1370 4578 1445 4642 δῆμον

251 4661 310 4724 orl
330 4657 387 4710 οάδά
404 4660 452 4708 τιν’
470 4658 550 4717 άλλην
565 4658 570 4729 i
585 4658 662 4721 μάάον
680 4659 830 4718 τοιάοοιοάοιι
871 4659 1007 4711 κιετοιλάειν
1038 4660 1197 4724 κειράμενος,
1229 4665 1299 4713 docet
1323 4664 1445 4728 particula

253 4740 404 4805 ἐπισχεσίην
422 4739 548 4793 ἔδάνιισάε.
870 4743 919 4807 γάρ
938 4761 1000 4810 quae
1016 4746 1133 4810 sequitur.
