3538 5536
346 605 450 654 XXVIII
871 605 1003 656 VESPAII.

354 811 355 816 κ
392 773 436 838 Α1
467 774 625 839 artissime
656 793 731 839 cum
760 773 820 840 hoc
851 773 991 860 episodio
1022 774 1168 840 cohaeret
1202 774 1320 840 exodus
1354 776 1525 862 posterior,

258 967 259 972 ἵ
346 880 403 946 uhi
432 884 522 965 pater
545 879 681 946 ostendit
704 885 860 967 quantum
883 880 944 947 sibi
966 881 1142 967 profuerint
1164 879 1312 960 consilia,
1337 902 1418 968 quae
1439 879 1526 947 filius

347 990 377 1053 ei
406 988 620 1066 ministravit,
652 987 814 1073 Aesopum
845 990 932 1054 enim
961 986 1160 1074 athletasque
1189 1009 1274 1053 nunc
1304 985 1461 1074 crepat1).
1485 986 1529 1052 111

347 1096 391 1158 sie
420 1113 457 1158 eo
487 1091 627 1158 redactos
650 1115 707 1160 nos
731 1093 877 1159 videmus
899 1098 938 1158 ut
960 1115 1123 1160 servemus
1147 1115 1226 1180 quae
1248 1093 1342 1160 modo
1359 1077 1528 1160 ‘abicienda

345 1198 543 1265 videbantur.

392 1305 478 1394 Ergo
509 1327 548 1372 ex
578 1305 696 1373 tradito
727 1312 819 1372 textu
846 1297 1019 1394 pristinam
1040 1306 1164 1374 fabulae
1183 1308 1323 1374 sormam
1346 1328 1455 1375 eruere
1476 1329 1528 1374 ne

347 1416 518 1500 quicquam
542 1416 672 1479 coneris.
698 1412 921 1481 Dissimillm
943 1420 975 1481 et
998 1435 1077 1501 quae
1100 1421 1173 1503 apte
1196 1417 1349 1502 coniungi
1371 1437 1435 1482 non
1460 1436 1528 1502 pos-

348 1527 419 1589 sent
445 1525 478 1587 in
505 1543 608 1587 unum
636 1543 702 1588 esse
723 1524 864 1589 coniecta
882 1522 1048 1602 videmus,
1071 1522 1125 1589 sad
1148 1523 1314 1589 ferendum
1338 1529 1387 1589 est
1408 1524 1527 1590 vitium

348 1629 432 1717 quod
461 1632 578 1717 corrigi
599 1623 745 1716 nequeat.
769 1628 972 1717 Quamquam
995 1632 1138 1718 graviter
1161 1629 1296 1696 dolenda
1319 1635 1367 1696 est
1391 1629 1450 1695 fati
1472 1632 1531 1694 ini·

347 1739 469 1825 quites,
501 1757 563 1822 qua
593 1735 746 1822 praeclari
775 1743 886 1824 poetae
918 1740 1087 1824 egregium
1114 1758 1280 1823 opusnon
1302 1739 1468 1823 integrum
1490 1735 1530 1801 ad

347 1864 404 1909 nos
428 1845 572 1929 pervenit
594 1842 705 1908 sedin
726 1842 788 1909 fine
812 1844 850 1909 ab
873 1846 1024 1931 imperita
1046 1863 1145 1908 manu
1166 1841 1336 1910 infeliciter
1356 1842 1530 1909 admodum

347 1952 609 2016 contaminatum.
632 1948 725 2014 Nunc
748 1951 834 2034 enim
857 1949 974 2016 ultima
997 1952 1110 2036 primis
1135 1948 1243 2016 cedere
1268 1953 1365 2015 sentit
1387 1951 1530 2037 quinquie

348 2057 458 2121 drama
488 2054 640 2142 perlegit,
673 2061 706 2121 at
733 2058 788 2121 vix
818 2060 923 2142 potest
956 2058 1033 2142 quin
1063 2059 1098 2120 in
1120 2058 1227 2142 ipsum
1251 2058 1411 2122 comicum
1434 2056 1530 2121 huius

347 2164 394 2228 rai
417 2160 546 2247 culpam
569 2162 718 2229 consent.

391 2267 502 2355 Neque
532 2272 660 2335 omnino
688 2271 828 2335 iniustus
858 2271 901 2335 sit
927 2271 984 2357 qui
1006 2271 1052 2335 sic
1073 2268 1204 2335 iudicet.
1227 2268 1312 2334 Nam
1335 2270 1363 2334 si
1385 2290 1403 2335 e
1427 2271 1532 2335 conta·

347 2378 469 2442 minata
503 2375 610 2442 fabula
644 2376 682 2442 de
712 2379 838 2464 integra
867 2378 1057 2442 sententiam
1088 2376 1168 2442 ferre
1198 2375 1290 2454 licet,
1321 2396 1423 2462 neque
1446 2376 1533 2460 prior

347 2503 450 2569 neque
479 2484 635 2569 posterior
664 2480 841 2568 Vesperum
871 2485 976 2548 exitus
1007 2483 1045 2548 ab
1077 2485 1165 2547 omni
1186 2486 1275 2569 parte
1298 2481 1392 2547 laude
1415 2474 1532 2568 dig'nus

348 2590 428 2667 fuit,
463 2595 495 2654 et
525 2591 553 2654 si
583 2591 740 2655 severiore
771 2592 849 2655 artis
879 2591 1001 2655 trutina
1024 2591 1214 2675 exigeretur,
1238 2609 1300 2654 non
1323 2592 1447 2675 potarat
1468 2607 1532 2652 non

347 2697 533 2782 vituperari.
569 2694 724 2762 Taedium
758 2702 885 2775 tamen,
917 2695 1001 2781 quod
1030 2717 1115 2762 nunc
1144 2694 1315 2761 lectoribus
1347 2695 1405 2760 sub
1435 2693 1533 2761 finem

349 2801 500 2868 dramatis
543 2801 682 2888 obrepit,
726 2807 797 2868 tum
839 2824 914 2868 cum
952 2807 1092 2888 spectata
1126 2808 1174 2868 est
1209 2800 1316 2868 fabula
1350 2803 1437 2867 nasci
1471 2822 1532 2868 non

348 2910 464 2995 potuit.
495 2908 707 2975 Posteriorem
739 2909 876 2976 exodum
905 2912 933 2974 si
956 2909 1063 2975 abasse
1086 2908 1176 2974 nohis
1199 2907 1370 2995 fingimus,
1394 2929 1431 2974 ea
1454 2927 1533 2993 quae

349 3018 383 3080 in
406 3034 497 3080 scena
519 3019 660 3101 aguntur
676 3018 744 3081 sina
762 3014 830 3082 ullo
851 3015 1004 3103 languore
1024 3015 1063 3081 ad
1081 3013 1178 3080 finem
1197 3020 1382 3101 properant,
1404 3019 1436 3080 at
1456 3013 1535 3079 dum

351 3141 444 3187 senex
467 3125 561 3207 pctus
584 3142 659 3186 cum
677 3121 880 3188 saltatoribus
900 3143 957 3208 per
976 3121 1170 3187 orchestram
1189 3120 1418 3199 tumultuatur,
1439 3120 1535 3185 Athe

350 3229 473 3294 nienses
491 3227 774 3314 novo-ludicroque
795 3227 971 3314 spectaculo
992 3227 1139 3294 delectati
1157 3249 1220 3293 non
1231 3233 1401 3315 rogarunt,
1414 3229 1533 3313 opinor,

351 3354 448 3419 quam
480 3336 605 3399 iustum
638 3337 764 3400 exitum
795 3335 925 3402 haberet
957 3334 1083 3413 drama,
1115 3355 1216 3420 neque
1240 3335 1534 3401 animadverterunt

350 3445 492 3526 poetam,
525 3444 562 3505 ut
591 3439 688 3507 finem
710 3441 842 3519 iaceret,
866 3439 947 3507 telae
971 3457 1050 3507 suae
1070 3439 1163 3505 filum
1185 3440 1373 3526 praecidisse
1396 3461 1471 3506 cum
1494 3437 1534 3504 ad

351 3545 523 3611 texendum
545 3566 647 3632 neque
670 3552 798 3633 tempus
820 3553 997 3633 superesset
1020 3568 1122 3632 neque
1143 3549 1302 3612 materies.

396 3651 459 3718 Sed
482 3654 566 3719 veris
589 3656 690 3740 poetis
711 3656 763 3718 ius
786 3654 849 3719 fuit
873 3657 996 3740 eritque
1021 3657 1087 3719 suis
1109 3653 1238 3740 legibus
1260 3653 1387 3732 utendi,
1412 3657 1445 3718 ct
1463 3651 1536 3718 ridi·

276 3771 279 3776 ·
352 3758 443 3826 culus
476 3762 519 3824 sit
548 3762 604 3846 qui
635 3781 653 3826 a
682 3763 803 3826 comico
835 3766 944 3846 poscat
975 3781 1054 3846 opus
1077 3765 1145 3825 tam
1167 3766 1289 3826 tersum
1312 3764 1406 3846 atque
1428 3764 1537 3825 rotun-

353 3867 445 3944 dum,
477 3871 544 3932 tam
575 3866 796 3954 prodigialiter
826 3889 945 3946 unum,
976 3873 1015 3932 ut
1044 3865 1127 3931 nihil
1157 3863 1536 3944 inacabundet,nihi1

352 3976 395 4039 sit
425 3973 698 4058 semiperfectum,
729 3974 811 4039 nihil
832 3994 895 4039 non
919 3975 1088 4038 artissimis
1110 3971 1248 4039 vinculis
1271 3993 1346 4038 cum
1368 3977 1471 4038 cetera
1493 3971 1537 4036 fa·

351 4080 429 4148 bula
457 4079 654 4167 colligatum.
685 4079 782 4146 Dedit
812 4076 1107 4166 Aristophanes-
1132 4100 1195 4144 non
1226 4078 1260 4143 id
1290 4078 1422 4144 fortasse
1452 4076 1536 4164 quod

353 4187 492 4253 dandum
525 4187 623 4252 fuisse
656 4187 802 4253 hodierni
835 4187 946 4252 arbitri
976 4185 1182 4263 contendant,
1214 4185 1268 4250 sed
1298 4185 1331 4250 id
1355 4184 1438 4270 quod
1463 4184 1535 4249 dare

352 4293 472 4372 voluit,
497 4298 530 4360 et
551 4315 584 4358 se
605 4297 674 4380 ipse
695 4297 729 4359 in
752 4295 810 4360 hac
830 4292 992 4360 comoedia
1010 4313 1173 4379 superasse
1192 4291 1341 4358 dicendus
1360 4296 1409 4357 est
1427 4294 1537 4377 potius

240 4465 242 4468 .
353 4421 450 4489 quam
473 4399 507 4466 id
530 4400 614 4486 quod
633 4400 695 4466 sibi
717 4402 916 4486 proposuerit
937 4420 1000 4465 nou
1023 4405 1185 4466 assecutus
1209 4420 1285 4465 esse.
1321 4397 1406 4465 Nam
1426 4398 1537 4463 ludere

352 4527 518 4593 morasque
548 4527 650 4595 nugas
679 4509 713 4571 in
737 4527 829 4573 scena
853 4528 948 4595 agere
970 4507 1049 4572 dum
1074 4505 1210 4583 videtur,
1236 4526 1345 4571 revera
1367 4505 1539 4571 mordacis-

354 4662 529 4674 ----

387 4751 411 4815 1)
427 4749 482 4801 Vid.
499 4767 535 4802 vs.
553 4751 618 4801 1382
635 4751 775 4817 eqq.,1401
793 4768 854 4817 sqq„
872 4749 936 4804 14117
954 4769 1007 4818 sqq,
1090 4756 1093 4762 '
