3538 5536
766 512 898 560 VESPAE.

742 685 921 744 ΣΩΣῙΑΣ.

725 783 766 846 (ad
783 799 808 831 sc
825 783 919 832 rediens
925 785 941 846 ι)

418 880 489 960 οὔκ,
515 882 591 947 ἀλλ’
614 879 704 953 ὕπνος
729 884 763 958 μ’
789 877 855 962 ἔχει
882 906 928 953 τις
954 883 987 945 ἐκ
1012 881 1183 969 Σαβαζίου.

734 1027 933 1085 ΞΑΝΘΙΛΣ.

417 1145 468 1207 τὸν
492 1139 584 1206 αὐτὸν
607 1137 656 1222 ἄρ’
682 1141 931 1217 ἐμοί’βουκολεῖς
958 1140 1133 1221 Σαβάζιον·

417 1248 510 1324 κάμοί
535 1249 598 1326 γὰρ
622 1249 731 1330 άρτίως
757 1247 1026 1324 ἐπεστρατεύσατο

417 1353 521 1428 Μῆδός
547 1377 592 1426 τις
617 1355 666 1418 ἐπὶ
691 1355 733 1418 τά
758 1353 908 1433 βλέφαρα
933 1355 1104 1430 νυστακτὴς
1131 1351 1231 1428 ὕπνος.

416 1461 468 1526 καί
494 1457 652 1541 δῆτ”ίναρ
678 1460 856 1537 θαυμαστὸν
878 1455 956 1526 sihor
979 1463 1099 1541 άρτίιος.
1184 1489 1187 1496 ’

272 1701 310 1750 11,
332 1699 422 1761 ἀρτίως
440 1701 473 1766 R]
491 1699 581 1762 άρτίως
599 1717 638 1757 τις
656 1700 676 1747 V
695 1701 753 1760 alii,
770 1701 833 1750 unde
852 1701 1002 1750 Valckenaer
1020 1702 1052 1751 ad
1068 1701 1126 1752 Eur.
1144 1704 1236 1774 Phoen.
1253 1721 1287 1754 vs.
1305 1705 1354 1754 222
1371 1722 1424 1754 con·

237 1784 295 1833 iacit
312 1801 352 1840 τις
369 1782 566 1846 ἐστρατεύσατο.
1163 1809 1164 1814 =

238 2005 348 2057 ναυτιᾶν,
371 2001 458 2057 λιίιάν,
480 1999 628 2063 ίφάαλμιῖιν,
653 2000 746 2063 ὠχριᾶν
765 2006 809 2050 otc.
850 1997 995 2062 αιἰλιρτῆρα,
1013 2001 1056 2049 τὸν
1074 2000 1198 2066 Σαβάζιον
1216 2005 1254 2065 (fr.
1273 2005 1319 2052 566
1338 2004 1424 2066 Koch).

238 2085 316 2134 Vert:
331 2100 460 2134 cesaraeae
474 2101 499 2133 οο
512 2084 588 2148 igitur
601 2101 633 2132 αιι
647 2083 769 2132 cerritus?
777 2111 811 2121 -
850 2082 906 2132 Vid.
922 2088 1046 2148 praetcrea
1064 2085 1109 2133 Ar.
1128 2084 1176 2136 874
1193 2086 1249 2151 Lys.
1268 2086 1324 2135 388.

238 2166 413 2232 Corybantium
440 2165 572 2227 καθαρμοί,
598 2167 629 2216 ad
654 2183 713 2232 quos
736 2167 811 2216 ctiam
886 2167 925 2215 10.
944 2167 1083 2232 βουκολεῖς]
1097 2189 1121 2210 =
1134 2165 1233 2230 τρέφεις
1250 2169 1300 2217 sive
1318 2170 1423 2230 βίσκεις.

238 2266 273 2298 vs.
293 2249 340 2298 119
357 2256 430 2313 pocta
448 2249 550 2308 alludit,
565 2266 641 2314 nuper
655 2250 811 2300 innotuerant
850 2249 939 2297 Αίσαάὲ
962 2249 1035 2298 verba
1057 2249 1136 2298 iocose
1158 2251 1193 2299 ita
1216 2251 1370 2310 adhibentur,
1393 2252 1424 2300 cf.

237 2337 262 2382 et
279 2333 328 2380 iam
343 2331 421 2396 magis
434 2332 559 2396 magisque
573 2332 599 2381 in
613 2333 811 2382 consuetudinem
850 2331 918 2380 Eccl.
936 2332 976 2380 81.
993 2331 1073 2381 Aliter
1087 2334 1159 2382 verbo
1175 2335 1302 2395 βουκολεῖν
1317 2350 1373 2384 usus
1388 2339 1425 2382 ost

237 2415 367 2464 veniebant
388 2415 543 2480 omniumque
565 2415 591 2463 in
614 2432 655 2464 ore
678 2422 760 2475 crant,
785 2422 812 2464 ut
850 2413 985 2478 Aeschylus
999 2416 1085 2479 Agcm.
1101 2416 1148 2464 662
1164 2412 1343 2477 ἐβουκολοῦμεν
1358 2421 1425 2478 φρον-

236 2498 309 2546 hodie
331 2497 446 2562 hypnosis
469 2498 514 2546 illa
537 2498 587 2546 sive
611 2498 731 2562 suggestio
750 2515 811 2563 quas
851 2496 918 2544 τίσιν
942 2494 992 2546 νέον
1015 2495 1091 2554 τάίος
1114 2501 1151 2559 (=
1170 2501 1246 2546 mente
1263 2499 1423 2558 οονεαίοοιειο,

237 2580 286 2630 dici
314 2579 383 2629 solet.
419 2579 468 2644 Qui
497 2581 665 2644 corybantium
690 2582 811 2646 mysteriis
850 2580 1048 2641 recordabamur),
1070 2587 1094 2629 ct
1115 2579 1186 2628 uum.
1211 2579 1242 2631 78
1260 2579 1303 2628 καὶ
1319 2579 1352 2641 μὴ
1370 2581 1425 2642 πρά·

237 2663 370 2712 initiandus
389 2668 455 2722 erat,
470 2663 494 2711 in
510 2663 571 2712 sella
586 2662 674 2726 (θρόνῳ)
689 2664 811 2713 considere
851 2677 929 2721 καμνε
958 2659 1029 2710 τάνδε
1054 2659 1248 2723 βουκολούμενος
1270 2660 1275 2729 Ι
1299 2666 1368 2712 πίνον
1394 2664 1424 2712 dc

237 2745 380 2804 iubebatnr;
404 2745 490 2794 deinde
512 2746 618 2806 initiati,
643 2746 721 2795 veluti
743 2763 810 2796 sacro
852 2744 938 2792 Oresta
964 2760 979 2791 a
1004 2744 1073 2793 furiis
1098 2762 1141 2810 par
1162 2750 1239 2794 terras
1263 2745 1363 2808 agitato.
1386 2746 1423 2794 cf.

236 2828 318 2876 furore
333 2828 450 2892 corrupti,
466 2828 576 2878 celeriter
590 2829 707 2878 saltantes
716 2836 741 2880 et
749 2846 811 2894 cym·
851 2825 987 2886 ποιμαίνειν
1011 2827 1114 2876 (burcarde¹
1131 2827 1181 2876 sive
1198 2828 1336 2876 nsodcrcnds'
1352 2844 1423 2876 sensu

237 2910 295 2958 bala
318 2910 443 2974 pulsantes
466 2910 530 2960 circa
553 2911 604 2960 eius
627 2912 714 2961 sellam
741 2929 811 2977 gyros
851 2915 994 2974 usurpatum
1012 2909 1078 2958 Plat.
1095 2911 1149 2975 Lys.
1164 2911 1230 2959 tusa
1243 2910 1273 2958 τὸ
1288 2907 1363 2970 σῶμά
1377 2925 1423 2959 σου

238 2992 371 3051 ducebant,
389 3009 451 3057 quac
469 2996 603 3044 vocabatur
620 2994 738 3055 6ρίνοισις.
755 2994 810 3044 Vid.
851 2991 929 3049 άλλος
947 2992 1070 3052 ποιμαίνει
1087 2991 1129 3040 καὶ
1146 2989 1286 3055 θεραπεύει,
1303 2992 1424 3042 Theocrit.

238 3074 303 3123 Plat.
321 3074 466 3139 Euthydem.
485 3075 564 3127 27'Id:
582 3077 618 3124 τίν
637 3074 696 3141 ξένω
712 3076 765 3138 περί
780 3077 810 3125 σὲ
850 3075 885 3123 XI
904 3075 935 3123 80
954 3073 1033 3132 οάτως
1050 3073 1092 3123 καί
1109 3073 1265 3136 Πολόφαμος
1283 3071 1423 3135 ίτοίμαινεν

239 3158 346 3215 ποιεῖτον
369 3155 463 3206 ταίτὸν
486 3157 543 3219 άπερ
566 3160 592 3207 οί
612 3156 636 3208 ἐν
659 3162 690 3216 τῇ
717 3162 810 3223 τελετῇ
850 3159 893 3206 τᾶν
909 3155 997 3218 ’ἔρωτα

239 3242 287 3286 τῶν
302 3237 471 3300 Κορυβάντων,
481 3240 540 3290 ίταν
549 3241 595 3298 τὴν
604 3241 713 3302 ίράνωσιν
722 3245 810 3291 ποιῶσι
884 3240 923 3288 12.
946 3237 1040 3304 Μῆδος]
1059 3262 1083 3282 =
1102 3238 1238 3303 βάρβαρος,
1260 3246 1288 3289 ut
1305 3240 1424 3305 Phrygius

238 3319 291 3381 περί
314 3323 403 3370 τοῦτον
424 3320 449 3370 ὃν
473 3321 502 3372 tv
519 3327 632 3383 μέλλωσι
650 3324 744 3373 τελοῖν·
769 3323 812 3372 καί
850 3323 974 3373 Sabazius.
1008 3322 1072 3371 Hinc
1106 3323 1203 3372 additur
1233 3324 1346 3382 verbum,
1377 3340 1423 3387 quo

238 3404 287 3466 γάρ
314 3402 366 3452 έκεῖ
387 3405 476 3467 χορεία
501 3406 542 3462 τίς
567 3404 625 3454 ἐστι
651 3405 693 3455 καῖ
715 3404 810 3454 παιδιά.
850 3406 998 3454 incursiones
1021 3405 1122 3455 hostiles
1140 3405 1243 3454 indicari
1258 3406 1350 3465 solent,
1368 3422 1424 3470 quo·

238 3487 307 3535 Alias
325 3487 390 3551 apud
406 3488 534 3537 Platonem
550 3490 616 3537 furor
633 3492 682 3536 τῶν
699 3491 812 3551 κοροβαν-
849 3489 917 3537 niam
938 3489 1066 3538 Persarum
1088 3504 1176 3537 nomen
1198 3488 1223 3536 in
1241 3493 1321 3538 mento
1338 3504 1424 3553 aequa·

238 3567 346 3618 τιοίντων
367 3571 429 3619 alios
446 3571 572 3620 hominum
588 3572 681 3619 furores
699 3557 811 3635 superare
849 3571 912 3620 lium
934 3571 1021 3620 comici
1042 3571 1120 3620 veluti
1141 3578 1295 3621 concreverat
1312 3588 1367 3620 cum
1383 3589 1424 3621 no·

239 3651 328 3702 dicitur
350 3653 409 3715 (vid.
428 3653 528 3703 Conviv.
545 3654 607 3702 arte
624 3654 706 3716 alibi);
725 3655 811 3719 dignus
850 3654 916 3703 tione
933 3654 1092 3719 expeditionis
1107 3654 1222 3711 beliicac;
1237 3653 1285 3703 vid.
1300 3659 1424 3718 praetcrea

240 3735 281 3799 qui
298 3741 450 3799 comparetur
467 3741 503 3784 cst
520 3735 595 3785 ctiam
611 3736 679 3785 locus
694 3738 723 3786 de
737 3737 811 3801 Ircgg.
850 3753 885 3786 vs.
904 3736 977 3785 1124.
994 3735 1041 3784 Sed
1057 3752 1144 3800 pamm
1161 3736 1276 3785 festivum
1293 3753 1344 3786 esse
1358 3738 1423 3786 hunc

176 3861 182 3871 ,
240 3817 287 3865 VII
306 3816 379 3868 790d.
850 3819 931 3868 iocum
948 3819 1015 3867 haud
1033 3818 1113 3882 inepte
1130 3819 1280 3868 contunderit
1294 3820 1423 3884 quispiam,

274 3901 297 3948 9.
313 3897 454 3964 Σαβαζίου]
470 3900 544 3950 ctiam
561 3900 694 3965 Phrygium
710 3902 756 3950 hoc
769 3918 812 3950 nu·
850 3903 925 3951 frctus
943 3901 1019 3966 ipsius
1033 3901 1203 3965 Aristophanis
1217 3901 1307 3950 iudicio
1321 3902 1346 3950 in
1360 3903 1423 3952 Pace

239 3999 295 4030 men
311 3998 388 4046 nuper
403 3983 511 4032 Athenas
529 3983 651 4032 invectum
669 3985 756 4032 iuerat.
774 3983 811 4033 cf.
850 4001 886 4033 vs.
904 3983 952 4035 748
970 3984 1074 4048 prolato.

240 4065 291 4114 Gic.
316 4065 346 4112 do
368 4065 442 4128 chg.
464 4065 490 4113 II
515 4066 544 4114 15
566 4082 636 4115 νεοοοι
660 4067 715 4114 deos
738 4071 761 4114 et
786 4067 812 4114 ι’νι
883 4094 918 4103 -
940 4064 1093 4130 νυστακτὴς]
1111 4081 1125 4112 a
1143 4065 1215 4113 verbo
1232 4063 1367 4129 νυστάζειν
1383 4083 1424 4114 νεκ-

239 4147 277 4196 Iris
299 4147 405 4197 colendis
423 4152 552 4196 nocturnas
564 4148 762 4212 ρονυίρίίαίίοιεοο
777 4148 813 4197 sic
851 4152 903 4196 tare
934 4147 1016 4208 (Hom.
1038 4154 1060 4195 'r
1075 4147 1123 4196 162
1146 4153 1192 4196 otc.
1215 4153 1270 4207 stc„
1296 4149 1342 4196 Av.
1366 4149 1422 4207 639,

239 4231 423 4292 Aristophanes,
439 4230 608 4295 facetissimus
630 4233 703 4293 ροοία
727 4230 812 4278 ceteris
850 4230 969 4278 Xenarch.
992 4230 1055 4278 fr.2
1079 4227 1110 4286 ὡς
1133 4225 1182 4278 rint
1196 4247 1222 4277 τι
1241 4227 1374 4294 νυστάζειν
1391 4245 1423 4292 γε

240 4313 384 4371 comoediae,
406 4317 475 4361 υοναί
497 4315 523 4359 ut
546 4313 611 4376 apud
632 4328 682 4359 σανα
701 4311 812 4360 βαίααοαε
851 4309 944 4368 καύτὸς
960 4309 1090 4374 ίίρχομαι),
1108 4313 1173 4376 quod
1190 4317 1227 4360 est
1243 4311 1390 4361 intensivum
1408 4329 1423 4360 a

240 4397 263 4442 et
281 4394 375 4457 quidam
391 4395 438 4442 clii
454 4393 481 4442 di
494 4393 616 4458 ρονορνίαί
632 4392 734 4441 iudicati
753 4409 765 4441 e
782 4393 813 4442 ci·
852 4394 923 4442 verbo
941 4392 1000 4442 νεάοι
1016 4411 1063 4443 nuo
1081 4395 1165 4443 cadom
1181 4395 1275 4444 ratione
1291 4396 1423 4444 formatum

239 4476 314 4525 ον’ίσίο
336 4476 462 4526 domatur.
488 4475 534 4524 His
552 4476 630 4524 verbis
648 4475 731 4523 Cicero
749 4491 813 4538 spec·
851 4492 899 4540 qua
913 4475 943 4524 ah
959 4474 1039 4524 ’ίλκειν
1054 4477 1082 4525 fit
1096 4473 1229 4542 ἑλκυστάζ
1230 4494 1263 4526 ειν
1273 4473 1422 4538 οιασ(ε)ράω

240 4565 293 4608 tare
301 4559 397 4608 videtur
405 4559 554 4609 comoediam
563 4557 712 4622 deperditam
721 4554 813 4617 Ὥρας,
852 4555 993 4621 ῥυστάζειν.
1018 4558 1056 4607 cf.
1078 4564 1203 4626 praetcrea
1225 4557 1369 4626 χασκάζειν
1386 4576 1422 4608 vs.

241 4643 267 4692 in
284 4658 331 4706 qua
349 4642 475 4706 legebatur
492 4657 574 4690 versus
591 4641 634 4688 τὸν
652 4637 751 4704 Φρύγα,
768 4639 811 4690 τὸν
852 4639 908 4690 695.
