3538 5536
765 617 895 666 vrsrlu.

416 781 464 846 ίθνν
488 779 673 860 παρέγραψε
697 774 841 853 πλησίον·
868 783 987 861 ,κημὸς
1012 783 1140 856 καλός.”

415 886 465 952 τόν
490 885 678 966 ἀλεκτρυόνα
700 887 737 966 δ’,
763 879 792 960 ὃς
819 885 865 972 ηδ’
891 891 952 972 αφ’
976 890 1125 971 έσπέρας,
1150 887 1211 972 ἔφη

414 991 466 1074 θίν’
490 990 651 1075 ἐξεγείρειν
675 994 767 1060 αὐτὸν
791 995 1067 1077 ἀναπεπεισμένον,

413 1095 499 1179 παροδ
524 1105 583 1164 τῶν
607 1097 775 1164 ὑπενθύνων
800 1098 915 1184 έχοντα
941 1103 1105 1183 χρήματα.

413 1207 498 1276 εὐθὺς
524 1204 554 1269 δ’,
575 1206 638 1272 cirri
662 1205 827 1286 δορπηστοῦ
852 1209 1003 1290 κέκραγεν
1029 1209 1194 1290 έμβόδας,
1254 1262 1257 1268 .

413 1309 536 1377 κᾶπειτ’
560 1312 652 1377 ἐκεῖν’
676 1313 766 1376 ἐλθὼν
790 1315 984 1395 προκαθεύδει
1006 1316 1068 1398 πρῲ
1094 1315 1194 1396 ποθνν,

412 1415 511 1497 ν’)’σπερ
539 1418 641 1490 λεπδις
666 1419 905 1500 προσισχόμενος
931 1425 972 1505 τῷ
998 1423 1080 1488 κίονι.

413 1523 470 1589 ὑπό
494 1524 656 1597 δυσκολίας
682 1523 710 1589 δ’
735 1521 835 1592 θίπασι
860 1529 956 1604 τιμῶν
981 1531 1034 1604 την
1058 1529 1182 1610 μακρὰν

410 1627 508 1711 ιθσπερ
532 1630 657 1708 μέλιττ’
681 1631 698 1707 ἢ
722 1631 895 1711 βομβυλιός
922 1632 1084 1716 ἐξέρχεται

265 1836 321 1886 100.
337 1835 375 1902 sc]
393 1835 424 1895 ὡς
441 1837 566 1888 ΗκιιιεΙιει
582 1855 630 1888 non
647 1845 719 1888 recte.
736 1865 770 1876 -
787 1837 832 1902 ἀφ’
849 1839 905 1905 VR]
923 1835 963 1902 ἐφ’
980 1840 1026 1890 alii
1042 1857 1090 1890 non
1108 1846 1179 1891 recte.

264 1919 321 1969 105.
337 1921 536 1983 προσισχόμενος
561 1921 677 1986 Hirschig
702 1922 759 1971 coll.
785 1921 852 1972 Plut.
879 1923 956 1988 1096]
983 1926 1226 1986 προσεχόμενος-
1243 1927 1278 1987 τῷ
1297 1923 1369 1991 κίονι]
1387 1926 1420 1990 τῇ

230 1998 343 2062 κιγκλίδι
362 2001 476 2068 Blaydes.

264 2083 321 2135 107.
338 2082 443 2145 μέλιττ’
461 2084 487 2151 ii]
510 2086 591 2136 nescio
609 2103 640 2135 an
657 2091 764 2152 praestet
781 2084 877 2148 *μέγας
894 2104 942 2146 τις.
960 2113 994 2125 -
1016 2083 1177 2154 *ἐξέρχεται]
1194 2086 1340 2151 εἶσέρχεται
1357 2089 1422 2138 codi-

229 2183 281 2227 ces,
299 2168 363 2232 quod
379 2168 495 2218 vitiosum
512 2185 577 2228 esse,
593 2185 642 2225 non
659 2169 724 2218 enim
741 2170 833 2218 θοοηειον
849 2169 928 2218 redire
943 2170 1079 2235 significare
1094 2187 1177 2236 posse,
1192 2170 1315 2220 intellexit
1328 2170 1421 2220 Usener

229 2249 346 2299 Fleckeis.
373 2250 438 2298 1689
466 2267 491 2316 p.
508 2249 566 2311 375,
592 2251 634 2316 qui
650 2269 699 2301 non
715 2257 779 2300 necte
795 2257 878 2300 tamen
895 2268 935 2308 τις
952 2249 1059 2314 ’έρχεται
1077 2253 1180 2324 coniecit
1197 2253 1254 2302 coll.
1271 2252 1344 2302 Hom.
1362 2253 1438 2314 030·

229 2330 309 2383 niel.
327 2331 442 2382 Variatur
459 2349 472 2382 ε
490 2334 605 2382 tribunali
616 2334 741 2398 procedit,
758 2339 782 2383 et
799 2335 862 2383 conf.
880 2334 931 2383 ul.
950 2351 984 2382 vs.
1004 2335 1061 2384 139.

242 2538 247 2550 ·
262 2517 302 2565 99.
317 2517 406 2582 κημός]
421 2522 458 2567 est
471 2514 578 2580 πλέγμα
593 2513 702 2578 ἦθμῶδες
711 2517 805 2579 (εεΙιοΙ.)
879 2517 947 2582 lou]
965 2517 1069 2578 iudicia,
1083 2519 1182 2582 perinde
1196 2525 1269 2584 atque
1283 2523 1381 2568 senatus
1395 2524 1421 2567 et

227 2599 278 2647 sire
302 2599 426 2661 σχοίνινσς
448 2596 536 2659 ἡθμός,
557 2605 585 2648 ut-
600 2599 710 2664 loquitur
727 2599 804 2649 Orati·
844 2600 952 2661 comitis,
968 2616 1064 2650 summo
1078 2617 1149 2650 mune
1162 2600 1217 2663 (ἅμ’
1231 2599 1273 2664 ἕῳ)
1290 2601 1418 2666 incipiunt.

228 2681 395 2741 nusir.132,
419 2683 546 2730 vasculum
562 2682 708 2742 vimineum,
727 2682 805 2731 infun·
877 2683 946 2748 105.]
963 2685 993 2734 cf.
1011 2684 1078 2734 Plut.
1096 2684 1169 2734 1096.

228 2764 307 2813 (libuli
331 2765 434 2814 formum
457 2765 573 2824 referens,
597 2765 661 2829 quod
683 2764 763 2824 urnis,
778 2765 804 2814 in
878 2765 946 2830 106]
969 2766 1089 2826 actiones,
1107 2783 1168 2831 quae
1186 2765 1307 2827 οἷτίμητοι
1325 2765 1419 2829 ἀγῶνες

229 2863 288 2912 quas
303 2845 425 2896 iudicibus
440 2846 556 2896 iniciendi
565 2853 634 2896 erant
643 2847 732 2896 calculi
741 2848 803 2909 (τοῖς
843 2853 968 2908 vocantur,
993 2854 1048 2914 post
1074 2849 1207 2898 sententias
1233 2849 1263 2898 de
1287 2849 1323 2898 rei
1345 2849 1418 2914 culpa

228 2926 367 2988 milestrec,
393 2928 443 2978 vid.
468 2944 504 2978 νε.
533 2929 603 2991 321),
634 2930 804 2995 imponebatur
841 2931 906 2980 latas
935 2931 1008 2980 finem
1039 2932 1176 2993 hebebant,
1207 2933 1322 2981 damnato
1349 2924 1417 2980 'enim

227 3029 258 3061 ne
271 3029 328 3060 casu
342 3012 412 3061 humi
427 3013 512 3061 cadere
526 3019 624 3078 possent
640 3014 729 3062 calculi
743 3031 803 3063 nere
842 3029 920 3079 poena
937 3019 989 3062 erut
1005 3013 1059 3078 lege
1077 3015 1219 3065 constituta.
1236 3015 1262 3064 Si
1278 3030 1334 3063 vero
1352 3015 1416 3064 actio

230 3095 277 3143 duo
299 3095 411 3159 pluresve
429 3091 503 3144 simul
520 3101 618 3159 possent
635 3096 702 3145 inici.
730 3098 803 3162 Apud
843 3105 905 3145 esset
922 3113 934 3145 e
951 3112 1036 3160 genere
1054 3099 1104 3144 cois
1121 3101 1232 3158 τιμητῶν
1249 3094 1358 3160 ἀγώνοιν,
1380 3097 1416 3146 iu·

231 3178 383 3226 Athenaeum
410 3178 479 3227 4506
508 3178 598 3242 legitur
630 3179 742 3244 aenigma
774 3197 802 3228 ex
842 3178 937 3227 dicibus
951 3179 1018 3242 prius
1034 3184 1086 3227 erat
1101 3179 1252 3229 efficiendum
1266 3185 1349 3229 utrum
1363 3197 1417 3230 reus

227 3259 319 3310 Eubuli
344 3260 548 3326 Sphingoearione
576 3261 679 3311 allstum
707 3264 801 3328 (fragm.
841 3261 925 3310 fecisse
939 3261 1060 3310 videretur
1074 3277 1162 3322 necne,
1176 3262 1275 3322 deinde,
1290 3263 1310 3311 si
1321 3263 1418 3313 damna·

227 3342 294 3391 Com.
320 3343 388 3392 Kock
413 3343 440 3391 II
466 3360 489 3408 p.
518 3344 583 3406 201),
611 3360 658 3409 quo
684 3345 802 3395 eiusmodi
841 3349 880 3392 tus
898 3348 975 3402 esset,
992 3342 1023 3392 lis
1041 3348 1093 3393 erat
1110 3345 1267 3393 aestimanda.
1284 3345 1418 3394 Accusator

226 3425 303 3485 κημός
317 3425 472 3474 describitur:
487 3423 559 3474 ’ἐστιν
574 3423 683 3487 ίθγαλμα
692 3429 801 3489 μεμνκδς
841 3425 942 3485 τίμημα
959 3441 1029 3473 sunm
1047 3425 1073 3473 in
1089 3425 1176 3475 lihello
1193 3433 1365 3491 proposuerat,
1377 3428 1417 3477 cui

227 3505 288 3565 θνα,
310 3508 345 3556 ric
367 3507 436 3556 κότον
460 3505 487 3555 ii
510 3510 627 3569 κεχηνός,
648 3507 701 3576 [εἷς
724 3507 801 3568 πόδας
840 3523 895 3556 reus
910 3508 1048 3573 opponebat
1056 3523 1127 3557 snum
1137 3506 1310 3570 θντιτίμημοι;
1324 3511 1416 3560 iudices

226 3585 255 3638 ir
279 3591 391 3653 κεφαλῆς
415 3586 572 3651 τετρημένον,
599 3589 642 3656 izi
667 3588 786 3660 διαπρό,]
841 3595 936 3650 autem,
951 3590 1039 3655 quibus
1048 3589 1097 3638 iam
1107 3590 1308 3641 ministrabantur
1316 3593 1416 3642 tabulae

226 3669 363 3733 ἀνθρώπους
389 3670 475 3720 τίκτεν
502 3672 569 3720 κοιτδι
593 3670 638 3728 την
662 3672 743 3735 πνγην
765 3673 800 3722 ‘is'
839 3678 948 3733 ceratae,
980 3673 1084 3722 alteram
1115 3679 1196 3722 utram
1222 3675 1416 3725 aestimationem

225 3753 342 3812 isauros,
356 3752 361 3822 ]
376 3748 407 3802 ἦν
425 3751 451 3802 οἳ
463 3753 508 3815 μδν
526 3753 612 3814 μοίρας
630 3752 726 3818 ’ἔλαχον
736 3755 800 3816 βίον,
839 3756 941 3820 probare
959 3771 1059 3804 suumve
1074 3755 1202 3804 arbitrium
1217 3756 1413 3822 aequipotsrant.

226 3835 251 3884 οἳ
275 3834 301 3885 δέ
327 3840 479 3885 πλανῶνται.
508 3837 545 3886 cf.
567 3835 612 3900 sq.
638 3837 702 3886 1150
727 3839 799 3905 Vesp.
839 3837 914 3887 Senex
940 3853 996 3886 vero
1021 3843 1103 3887 noster
1130 3854 1224 3904 semper
1239 3855 1342 3904 poenam
1360 3857 1414 3891 con·

226 3917 284 3979 754,
303 3919 375 3968 1339,
840 3920 959 3969 demnatis
980 3919 1027 3968 reis
1045 3919 1137 3984 irrogat
1154 3936 1226 3985 quam
1243 3927 1323 3987 potest
1339 3923 1414 3972 msxi·
1502 3988 1504 3992 Ι

259 4001 315 4049 100.
340 3999 367 4058 i<
392 3996 430 4063 ᾖδ’
453 3999 498 4062 ἀφ’
522 3997 639 4066 ἑσπέρας]
661 4002 799 4066 quistatim
838 4019 913 4062 mam,
926 4001 952 4050 id
967 4003 1031 4067 quod
1045 4003 1195 4066 significatur
1208 4003 1281 4068 longo
1295 4004 1362 4054 sulco
1371 4022 1414 4070 per

219 4087 276 4146 poci
292 4083 350 4132 solis
366 4099 472 4134 οσσαενικ
489 4099 573 4132 cunm
588 4084 725 4148 incipiebat.
838 4091 916 4135 totam
929 4085 1080 4150 superficiem
1094 4087 1286 4145 retorpescunt
1302 4087 1413 4136 πινακίον

259 4165 315 4215 102.
339 4163 486 4230 ὑπενθύνων]
509 4165 573 4215 redit
595 4183 640 4216 vox
664 4169 725 4219 Ach.
749 4171 798 4220 936
838 4168 895 4230 (rid.
913 4183 948 4216 vs.
966 4165 1024 4229 167)
1042 4167 1113 4216 ducto
1120 4189 1126 4226 ;
1143 4165 1271 4232 ἀλοκίζειν
1290 4169 1316 4217 16
1334 4169 1413 4219 ἰοεοεε

225 4246 269 4311 llq.
288 4246 349 4306 259;
366 4248 397 4296 cf.
416 4247 554 4307 mirabli,
576 4248 632 4301 587.
838 4255 938 4300 vocatur
954 4266 989 4298 vs.
1008 4250 1064 4299 850.

259 4330 314 4379 103.
338 4327 488 4396 δορπηστοῦ]
512 4334 543 4382 cf.
565 4333 649 4398 Equis.
667 4332 705 4382 52.
723 4333 799 4383 Voca-
871 4331 1244 4398 107.]1ιιθεισκενήδικαστικθι
1254 4333 1413 4383 PollurVIH

224 4413 309 4462 bulum
331 4413 415 4462 eadem
435 4414 530 4464 ratione
547 4422 584 4465 est
600 4417 732 4465 formatum
750 4433 797 4481 qua
838 4416 889 4476 §16
905 4421 1077 4464 commemorat
1092 4410 1413 4490 ἑγκεντριδα,ᾔείλκσντην

224 4495 353 4546 Homerica
371 4512 416 4545 vox
435 4493 584 4556 δείπνηστος
602 4497 681 4560 ρ170.
837 4495 968 4560 γραμμηνς
984 4497 1014 4546 εί.
1033 4513 1067 4546 vs.
1086 4495 1143 4548 427.
1161 4497 1260 4547 Scilicet
1272 4498 1415 4548 hocinstru·

255 4605 290 4618 -
309 4577 428 4642 κέκραγεν
446 4576 572 4647 ἐμβάδας]
590 4586 618 4631 ut
635 4582 700 4630 foras
717 4581 798 4646 egredi
836 4573 918 4629 mento
936 4581 1068 4630 utebantur
1082 4579 1123 4644 qui
1138 4581 1270 4631 cultiorum
1282 4587 1350 4630 erant
1365 4599 1415 4633 mo·

223 4661 313 4726 possit,
339 4661 416 4711 soleas
435 4663 528 4726 poscit,
552 4679 612 4729 quas
633 4680 707 4716 more.
723 4665 797 4715 solito
837 4679 904 4724 rum,
919 4664 961 4712 sed
975 4664 1005 4713 de
1019 4664 1090 4729 plebe
1105 4663 1415 4716 hominestsbsllsmcera·

222 4744 304 4809 posuit
320 4743 460 4809 priusquam
479 4747 600 4798 accubuit.
837 4752 888 4797 tam
903 4763 983 4813 ungue
997 4747 1127 4812 scalpsisse
1142 4753 1224 4798 noster
1238 4749 1306 4799 locus
1320 4749 1397 4798 docet.

1255 4845 1272 4894 2
