3538 5536
786 585 916 634 mersu.
1002 576 1006 586 '

760 762 939 818 ΣΩΣῙΑΣ.

861 862 975 940 ούιιοῦν,
1000 860 1034 938 ἣν
1057 860 1126 942 δέῃ,
1187 929 1193 942 ,

438 961 491 1038 ἤδη
515 963 585 1028 τοτ’
610 965 721 1036 αὐτοὺς
746 973 809 1038 τοῖς
834 966 925 1038 λύύοις
950 967 1164 1044 βαλλήσομεν.

692 1096 1003 1153 ΒΔΕΛΤΚΛΕΩΝ.
1057 1151 1059 1155 ,

439 1205 527 1284 ἀλλ’,
552 1205 572 1270 ὦ
595 1206 719 1288 σύνκρε,
744 1208 778 1274 τὸ
802 1207 889 1286 γένος
914 1207 947 1284 ἤν
972 1233 1018 1281 τις
1042 1209 1148 1292 ύργύσγ

437 1315 471 1377 τὸ
495 1321 553 1378 τῶν
576 1315 735 1405 γερόντων,
760 1313 818 1380 ἔσθ’
843 1309 940 1392 ύμοιον
965 1323 1096 1399 σφηκιᾷ.
1189 1331 1191 1334 “

437 1415 542 1499 ἔχουσι
566 1423 629 1500 γιὶρ
653 1421 705 1487 καὶ
730 1420 848 1498 κέντρον
873 1423 907 1486 ἐκ
930 1427 984 1494 τῆς
1008 1421 1121 1502 ύοφύος

438 1525 594 1606 ὀξύτατον,
619 1523 640 1607 ᾧ
666 1531 822 1606 κεντοῦσι,
847 1527 900 1592 καὶ
926 1528 1112 1607 κεκραγότες

436 1635 551 1707 πηδῶσι
576 1635 628 1699 καὶ
653 1633 825 1711 βάλλουσιν
849 1631 949 1713 ύοιτερ
974 1633 1126 1716 φέψαλοι.

762 1765 942 1822 ΣΩΣΙΑΣ.

438 1877 482 1953 μὴ
506 1878 684 1959 φροντίσῃς·
711 1879 763 1943 εὀὶν
789 1879 849 1956 ἐγὼ
873 1878 971 1950 λύύουι
997 1875 1078 1958 ἔχει,

439 1989 562 2048 πολλῶν
585 1984 736 2049 δικαστῶν
761 1985 897 2063 σφηκιὰν
921 1983 1078 2050 διασκεδῶ.

390 2101 529 2168 (Bdelycleo
547 2103 573 2153 in
590 2108 654 2153 tecto
673 2105 751 2154 denuo
769 2104 939 2164 obdormiscit,
957 2105 1016 2154 item
1034 2104 1115 2154 Sosiae
1133 2111 1189 2155 ante
1207 2085 1331 2169 ianuaml

293 2287 350 2336 225.
367 2286 420 2354 καῖ]
437 2305 463 2336 τι
480 2287 598 2354 Blaydes‚
615 2289 664 2339 vid.
683 2289 814 2355 Phrynich.
831 2291 860 2339 fr.
877 2291 900 2339 3.
914 2290 961 2339 Sed
976 2291 1032 2340 coll.
1046 2308 1081 2340 vs.
1096 2291 1145 2340 420
1160 2293 1304 2342 servandum
1319 2293 1380 2341 duco
1395 2291 1444 2342 καί.

261 2471 313 2538 ipso
334 2472 394 2524 duce
412 2479 508 2524 strenue
525 2480 649 2538 gesserant
665 2474 792 2539 aequales,
809 2474 835 2522 in
874 2471 923 2537 γάρ
950 2490 975 2521 τι
1003 2470 1101 2534 κέντρον
1128 2471 1153 2522 ἐν
1177 2475 1231 2533 τοῖς
1256 2471 1403 2536 δακτύλοις,
1421 2487 1446 2525 et

262 2571 333 2604 scena
348 2556 591 2621 repraesentabantur
605 2563 630 2606 et
643 2557 679 2606 ita
687 2557 835 2606 extolleban·
874 2554 1002 2620 Eupolidis
1028 2556 1156 2605 notissima
1185 2558 1259 2606 verba
1290 2558 1320 2606 de
1344 2557 1446 2608 Periclis

236 2690 238 2694 ,
260 2643 300 2686 tur
323 2655 351 2687 ac
374 2638 394 2687 si
412 2639 466 2688 aevi
483 2637 575 2688 heroici
592 2639 652 2688 haec
668 2639 755 2688 fuisset
770 2655 833 2704 pers.
873 2638 1000 2686 facundia:
1016 2636 1112 2700 κέντρον
1130 2635 1297 2702 ἐγκατέλειτε
1311 2641 1364 2698 τοῖς
1379 2638 1446 2702 ἀκρο-

261 2719 354 2786 Nempe
367 2722 555 2771 Phoenissamm
569 2721 634 2771 idem
648 2722 697 2771 fuit
711 2737 836 2786 argumen·
874 2717 975 2780 οιμύνοις
991 2721 1029 2782 (fr.
1048 2722 1097 2782 94).

260 2809 313 2856 tum
336 2810 409 2869 atque
432 2805 561 2854 Persarum
577 2805 705 2870 Aeschyli,
722 2821 784 2869 quae
800 2805 835 2852 sa·
906 2828 940 2839 -
957 2800 1059 2868 ὀσφύος]
1082 2802 1117 2852 sic
1138 2808 1239 2853 vocatur
1255 2804 1321 2854 dorsi
1337 2807 1447 2856 extremi·

260 2887 319 2936 bula
342 2887 499 2951 quadriennio
516 2893 572 2953 post
589 2893 626 2937 est
642 2888 700 2936 data
718 2892 757 2947 et,
773 2892 834 2935 teste
873 2889 924 2945 tas,
956 2901 1017 2949 quae
1047 2901 1103 2950 pars
1129 2885 1283 2937 victimarum
1316 2905 1365 2938 una
1390 2906 1446 2939 cum

262 2969 354 3018 Glauco
381 2970 538 3034 grammatico
563 2971 589 3019 in
611 2970 740 3019 Persarum
761 2970 836 3034 hypo·
874 2968 951 3016 cauda
968 2967 1014 3016 diis
1033 2967 1112 3017 offerri
1129 2969 1223 3018 solebat
1239 2971 1280 3032 (cf.
1297 2971 1354 3021 Pac.
1373 2973 1446 3032 1058,

259 3051 336 3111 thesi¹
359 3069 372 3101 e
396 3052 528 3117 Phrynichi
545 3053 685 3102 Phoenissis
702 3053 834 3101 maximam
873 3050 962 3099 Athen.
980 3049 1014 3099 IV
1032 3051 1100 3099 1460
1121 3049 1169 3099 VII
1187 3052 1274 3114 seed),
1300 3061 1446 3120 quapropter

261 3139 355 3198 partem
367 3140 419 3184 erat
428 3135 563 3200 desumpta.
579 3135 733 3201 Quapropter
740 3152 788 3185 non
799 3141 835 3184 est
874 3149 900 3182 os
923 3149 1015 3182 οσοιτιιιι
1037 3132 1171 3182 dicebatur.
1188 3134 1218 3182 In
1235 3135 1305 3184 dorso
1323 3136 1447 3186 cherente-

261 3217 326 3280 quod
339 3216 835 3280 ιυὶτοιιιιιτ,ιιιοιιύίτῶνμαραύυνομαχύν
874 3231 929 3264 rum
959 3215 1065 3264 cernitur
1094 3216 1239 3280 praelongos
1270 3219 1378 3279 σοαύκιισ,
1407 3220 1447 3269 vel

262 3298 395 3364 Phrynichi
411 3316 493 3349 versus
510 3327 544 3337 -
560 3301 659 3365 perinde
673 3306 746 3364 atque
760 3300 836 3348 Simo·
875 3297 955 3362 potius
980 3298 1085 3358 terebra,
1108 3315 1156 3362 qua
1179 3305 1203 3348 et
1225 3299 1275 3348 alia
1297 3300 1389 3350 insecta
1406 3302 1448 3367 hy·

261 3381 325 3430 nidis
348 3381 413 3431 Nub.
436 3383 600 3432 lete-lese
623 3410 657 3420 —
679 3383 779 3432 firmiter
801 3382 836 3430 in-
874 3385 1014 3444 menoptera
1040 3387 1095 3430 sunt
1120 3380 1226 3446 insignia
1251 3388 1275 3432 et
1299 3399 1328 3431 ea
1360 3400 1447 3448 genera

262 3463 368 3513 haesisse
373 3485 379 3524 ;
398 3464 448 3513 vid.
467 3465 531 3513 infra
547 3481 583 3514 vs.
595 3464 651 3514 269.
669 3464 743 3514 Obori
761 3464 837 3514 canti·
875 3479 936 3527 quae
949 3461 1125 3512 ichneumonum
1137 3465 1449 3530 nominehodiedesignan·

262 3562 330 3607 cum,
355 3548 420 3612 quod
443 3547 496 3596 h.l.
522 3547 657 3612 respicitur,
682 3547 799 3611 incepisse
821 3563 835 3594 a
874 3550 926 3603 tur;
943 3544 1044 3594 inservit
1057 3551 1139 3594 autem
1153 3547 1205 3596 evis
1219 3548 1263 3596 sub
1278 3549 1447 3598 cutealiorum

262 3630 341 3678 verbis
350 3627 458 3678 Σιδώνιον
467 3628 534 3679 itero
546 3632 660 3687 λιτύντες
670 3627 713 3677 καὶ
720 3626 835 3691 δροσερὰν
875 3626 1019 3675 animalium
1044 3627 1184 3678 inserendis.
1210 3629 1277 3679 Haec
1298 3636 1381 3680 tamen
1398 3631 1450 3681 ani·

263 3709 370 3773 Ἄραδον
388 3713 461 3762 refert
478 3712 594 3762 scholion.
874 3710 982 3759 malcnla
1002 3709 1113 3760 civitates
1130 3729 1179 3760 non
1196 3713 1314 3772 condunt,
1331 3712 1357 3761 in
1374 3713 1449 3762 socia-

296 3794 351 3844 222.
374 3791 547 3860 βαλλήσομεν]
569 3811 606 3844 rs.
627 3796 689 3844 1491
709 3793 773 3842 redit
790 3793 842 3842 hoc.
874 3792 937 3841 lium
965 3809 1021 3842 vero
1052 3808 1180 3858 vesparum
1211 3795 1352 3854 abdomine,
1388 3811 1448 3859 quas

263 3877 385 3937 futurum,
412 3877 477 3941 quod
494 3878 555 3927 alias
572 3894 620 3927 non
637 3883 705 3926 extat
721 3877 762 3926 sed
780 3891 836 3925 eum
875 3875 1049 3939 Aristophanes
1066 3875 1195 3939 cogitavit,
1213 3877 1311 3926 aculeus
1328 3877 1385 3936 ille,
1400 3894 1447 3942 quo

262 3960 341 4009 verbis
363 3959 504 4009 simillimae
527 3958 725 4008 conformationis
742 3955 837 4014 τνττύ-
875 3959 956 4007 hostes
981 3958 1227 4022 aggrediuntur‚rvix
1244 3959 1399 4024 conspicitur.
1414 3986 1449 3997 -

263 4058 323 4098 σειν,
354 4039 474 4099 rectrices
503 4042 594 4105 (Hom.)
619 4042 676 4091 aliis
701 4039 837 4105 comparari
876 4040 1056 4092 0f.vs.1075.

262 4129 350 4189 potest.
700 4155 702 4160 ·
910 4121 967 4174 227.
987 4119 1138 4187 βάλλουσιν]
1157 4123 1269 4187 [κατὐιοη
1288 4123 1317 4171 de
1334 4122 1449 4172 scintillis

297 4207 355 4256 224.
372 4207 477 4272 σφηκιᾷ]
492 4208 522 4256 cf.
538 4223 573 4256 vs.
588 4207 644 4256 404.
661 4233 695 4244 -
712 4205 838 4254 Feracissi·
876 4204 1058 4270 prosilientibus
1075 4205 1121 4254 hoc
1137 4206 1237 4255 verbum
1255 4205 1366 4270 usurpari
1378 4206 1448 4256 solet.

263 4305 329 4338 mam
354 4289 417 4339 hsnc
442 4290 550 4339 iudicum
575 4305 630 4338 cum
647 4288 725 4354 vespis
743 4304 838 4353 compa·
909 4313 944 4324 -
959 4283 1083 4351 φέψαλοι]
1100 4287 1234 4347 centulam
1248 4288 1378 4353 singularis
1391 4289 1449 4352 legi-

263 4373 382 4422 rationem
397 4389 410 4422 e
427 4372 527 4437 pereuni
545 4371 693 4428 scenicorum
710 4376 837 4434 poetarum
876 4374 916 4417 tur
942 4367 1003 4416 Ach.
1029 4367 1086 4427 667,
1111 4375 1136 4418 et
1160 4371 1221 4420 Ach.
1247 4370 1295 4423 279
1322 4371 1448 4420 collective

263 4455 330 4504 toute
361 4454 468 4504 Homero
499 4454 574 4503 hebet
599 4453 786 4518 Aristophanes,
812 4451 838 4500 ni
878 4455 1007 4514 usurpatus
1023 4455 1075 4499 est,

264 4536 349 4596 lallor3
368 4537 417 4586 vid.
435 4544 460 4585 11
470 4537 518 4585 259
528 4551 580 4601 sqq.
911 4532 968 4580 229.
986 4534 1271 4598 σολλῶν]ριιοιτιικύίύκύ;
1281 4536 1313 4584 ef.
1322 4551 1343 4584 e.
1351 4534 1449 4600 g.Plat.

297 4619 366 4684 tet]
384 4621 415 4668 cl.
432 4619 564 4684 Phrynicbi
582 4617 669 4668 comici
682 4614 837 4679 ύτ.3’έχονσι
878 4614 979 4664 Conviv.
999 4615 1073 4665 lese.

750 4760 951 4774 —
