3538 5536
323 610 380 660 m
852 604 984 654 vusrnr.

322 781 377 841 166
405 775 493 840 16616
523 794 641 840 novam
672 773 766 837 duxit
795 772 994 838 comoediam
1025 772 1144 850 Nubes,
1176 793 1256 857 quae
1286 768 1390 856 qualis
1413 766 1511 832 166611

323 880 494 947 divinando
529 885 658 944 tantum
687 899 744 944 nec
774 881 838 943 nisi
869 901 909 944 ex
939 883 1029 966 parte
1060 881 1186 965 assequi
1215 897 1405 964 possumus,
1436 894 1511 938 nam

276 1023 279 1034 ·
323 986 436 1053 multis
458 986 536 1051 locis
559 1005 577 1051 a
600 983 724 1049 fabulae
747 969 942 1063 recensione,
967 1006 1048 1070 quae
1067 985 1364 1070 adnospervenit,
1385 977 1512 1045 161111-

323 1113 424 1162 versa.
456 1091 518 1157 Sed
545 1089 658 1157 infelix
680 1091 739 1155 hoo
761 1095 873 1176 poetae
896 1090 1066 1156 eonsilium
1089 1091 1169 1169 fuit,
1193 1091 1307 1175 hospes
1331 1091 1418 1154 enim
1441 1090 1509 1151 erat

323 1202 392 1265 eius
421 1218 515 1262 musa
545 1217 661 1282 procax
691 1198 725 1261 in
748 1196 930 1284 caliginosis
952 1197 1020 1262 illis
1043 1198 1246 1285 regionibus,
1269 1197 1326 1262 ubi
1349 1193 1512 1260 Socratem

324 1326 399 1370 cnm
432 1300 591 1368 sodalibus
626 1304 691 1366 suis
726 1302 840 1389 degere
874 1302 983 1381 firmit;
1018 1303 1220 1389 philosophia
1254 1306 1380 1379 autem,
1421 1299 1512 1362 cuius

324 1431 426 1495 neque
445 1411 635 1493 spectatores
655 1407 791 1472 studiosi
809 1413 897 1472 erant
914 1429 1016 1493 neque
1033 1411 1102 1494 ipse
1121 1409 1347 1493 Aristophanes
1362 1406 1512 1470 notitiam

324 1519 524 1582 contraxerat
557 1513 677 1592 ullam,
708 1513 833 1579 fabulae
863 1517 1032 1581 materiem
1062 1537 1126 1580 non
1156 1515 1325 1601 praebebat
1354 1513 1511 1577 idoneam.

325 1621 486 1699 Socrates,
518 1623 570 1686 cui
596 1622 772 1705 imputavit
794 1623 935 1686 comicus
959 1623 1110 1708 quicquid
1132 1622 1268 1688 Athenis
1291 1623 1359 1686 sive
1382 1617 1513 1684 66616616

324 1731 393 1794 6166
427 1725 525 1792 616116
559 1727 810 1813 perpetrabatur,
846 1748 909 1792 non
938 1729 967 1792 is
999 1732 1067 1793 erat
1097 1730 1150 1793 661
1179 1730 1213 1792 16
1243 1729 1347 1793 166666
1371 1725 1513 1792 dramate

325 1839 446 1922 primae
468 1838 574 1920 partes
596 1834 822 1912 tribuerentur,
846 1855 949 1918 neque
971 1839 1066 1920 poeta
1090 1855 1126 1900 eo
1149 1837 1296 1920 pervenit
1319 1833 1513 1899 uthominis

224 1949 227 1956 '
324 1945 503 2029 imaginem
533 1943 601 2006 sive
632 1961 671 2006 ex
705 1961 780 2006 vero
814 1943 936 2027 pictam
972 1942 1135 2009 exhiberet
1169 1945 1236 2009 sive
1269 1947 1304 2008 in
1340 1940 1513 2007 ridiculum

325 2050 494 2116 detortam.
526 2047 564 2111 ln
592 2067 720 2112 scenam
750 2047 903 2132 produxit
933 2054 1142 2136 nugatorem,
1168 2050 1207 2115 de
1231 2051 1396 2134 quibusvis
1420 2048 1514 2113 rebus

324 2158 474 2222 humanis
497 2159 592 2240 atque
614 2153 803 2219 coelestibus
827 2154 1041 2222 insulsissime
1065 2156 1314 2223 deblaterantem
1339 2161 1371 2222 et
1395 2155 1514 2241 sophis-

326 2268 435 2327 tarum
465 2261 586 2325 artibus
616 2260 807 2345 perabsurde
830 2265 993 2340 utentem,
1018 2263 1071 2327 sed
1094 2263 1236 2328 Socrates
1259 2285 1316 2328 cur
1337 2263 1434 2328 homo
1457 2259 1514 2324 1116

327 2373 495 2434 vocaretur
524 2369 579 2431 vix
610 2365 677 2430 ulla
707 2368 878 2452 apparebat
909 2388 1020 2446 causa,
1044 2371 1071 2433 61
1093 2368 1213 2435 leviora
1237 2368 1392 2455 quaedam
1415 2365 1516 2455 negli-

327 2477 453 2562 gimus,
477 2472 517 2538 ad
540 2493 668 2536 morum
686 2475 835 2558 vitaeque
854 2476 918 2538 viri
935 2473 1139 2540 insolentiam
1158 2477 1349 2562 pertinentia
1368 2475 1422 2540 sed
1441 2495 1516 2538 cnm

327 2582 499 2667 sapientiae
534 2577 640 2642 studio
671 2599 710 2642 66
742 2580 942 2644 cohaerentia
973 2581 1111 2666 quidem.
1144 2581 1341 2668 Quapropter
1371 2602 1435 2647 non
1468 2585 1516 2644 est

327 2687 412 2774 quod
441 2689 606 2762 miremur,
637 2706 752 2770 parum
783 2685 941 2771 placuisse
971 2688 1133 2766 fabulam,
1164 2692 1255 2755 cuius
1287 2694 1515 2776 argumentum

328 2796 445 2881 partim
483 2814 545 2857 non
583 2797 666 2856 66661
700 2813 821 2858 novum
856 2833 898 2843 —-
934 2798 1091 2880 oppositio
1127 2797 1213 2860 enim
1249 2795 1434 2882 disciplinae
1470 2816 1516 2861 so

327 2901 481 2986 phieticae
512 2900 754 2983 priscorumque
784 2920 913 2964 morum
943 2902 977 2964 in
1007 2900 1249 2967 Daetalensibus
1280 2908 1421 2988 66661616
1447 2907 1515 2967 6661

214 3092 217 3097 ¹
328 3011 421 3072 antea
455 3042 498 3053 -
532 3005 650 3089 partim
684 3024 703 3067 6
737 3007 806 3069 6661
847 3008 949 3090 666616
988 3009 1085 3071 nimis
1119 3007 1216 3095 longo
1251 3009 1442 3075 abhorreret.
1478 3006 1516 3071 In

328 3111 500 3197 lilquitibus
531 3106 698 3185 Oleonem,
732 3131 927 3195 quamquam
956 3111 1030 3176 ficto
1056 3116 1185 3179 nomine
1208 3114 1380 3200 servilique
1402 3114 1515 3179 habitu

329 3218 558 3305 prodeuntem,
591 3216 697 3299 quivis
726 3218 837 3280 statim
868 3223 1018 3304 agnorat:
1051 3217 1193 3286 Soeratm
1216 3223 1349 3286 veroin
1372 3220 1516 3285 Nubium

331 3323 454 3400 161616,
484 3320 560 3386 licet
590 3322 708 3385 centies
737 3322 941 3387 nominatim
959 3324 1211 3408 compellaretur,
1244 3347 1262 3391 a
1288 3325 1376 3390 nullo
1399 3332 1518 3412 speeta-

330 3438 399 3496 tore
434 3426 664 3514 agnoscebatur
671 3447 680 3504 3
717 3429 795 3511 quin
830 3428 943 3494 multis
978 3434 1091 3515 opinor
1119 3435 1254 3519 ignotus
1286 3432 1350 3496 fuit
1380 3435 1432 3498 vir
1461 3431 1517 3496 ille

330 3535 450 3603 humili
479 3533 548 3599 loco
578 3535 672 3596 66166
703 3539 736 3597 61
767 3537 906 3600 16661166
936 3538 1056 3601 vivens.
1080 3536 1183 3603 Rarus
1205 3541 1309 3624 igitur
1332 3539 1394 3603 1611
1417 3541 1515 3616 61666,

330 3643 480 3730 plausum
509 3659 641 3724 parcum
672 3636 749 3704 tulit
778 3639 902 3717 sabula,
931 3641 1049 3707 ultimo
1071 3642 1139 3708 loco
1163 3665 1181 3708 a
1204 3644 1363 3710 indicibus
1387 3647 1517 3709 scenicis

331 3754 380 3816 661
401 3748 520 3812 habita.
548 3743 651 3823 Quam
675 3743 837 3830 repulsam
860 3768 935 3811 oum
957 3748 1088 3834 indigne
1112 3749 1208 3814 ferret
1231 3753 1358 3815 iuvenis
1381 3752 1516 3836 pristino

330 3851 444 3941 populi
470 3851 575 3915 favore
607 3848 727 3929 elatus,
759 3857 928 3918 retractare
959 3857 1063 3939 coepit
1086 3856 1300 3933 comoediam,
1333 3864 1370 3921 ut
1397 3859 1517 3921 iterum

331 3964 438 4048 posset
455 3960 490 4021 in
510 3960 669 4021 certamen
689 3960 820 4042 proponi
839 3965 992 4044 tanquam
1012 3981 1109 4039 nova;
1131 3962 1185 4026 sed
1203 3962 1321 4027 frustra
1333 3965 1456 4050 ingenii
1468 3965 1519 4028 sui

332 4069 496 4132 thesauros
527 4062 638 4127 effudit
665 4065 700 4126 in
731 4085 811 4149 opus
842 4065 927 4150 quod
951 4066 1050 4132 vitale
1073 4089 1136 4132 non
1159 4075 1242 4143 6661,
1269 4090 1371 4154 neque
1394 4075 1519 4154 praeter

331 4177 440 4260 ipsum
471 4171 639 4255 quisquam
670 4169 749 4247 fuit,
781 4173 837 4254 qui
861 4171 1000 4236 crederet
1023 4173 1132 4239 Nubes
1156 4195 1222 4239 esse
1246 4195 1285 4238 ex
1308 4177 1377 4239 eius
1400 4173 1518 4240 fabulis

332 4299 431 4345 unam
464 4276 610 4340 omnium
645 4275 851 4358 optimam1).
887 4276 999 4362 Itaque
1035 4278 1159 4343 biennio
1195 4267 1266 4364 post
1301 4301 1375 4344 cum
1409 4279 1517 4345 Nubes

333 4385 448 4451 6116666
484 4382 592 4446 docere
627 4378 743 4459 vellet,
779 4402 818 4446 ne
855 4383 988 4447 chorum
1023 4385 1153 4469 quidem
1187 4388 1360 4470 impetrare
1394 4390 1516 4473 potuit;

333 4497 443 4579 postea
472 4487 582 4551 drama
613 4485 715 4550 denuo
747 4491 906 4575 corrigere
937 4493 1058 4575 coepit,
1090 4492 1144 4557 sed
1176 4492 1341 4586 adfinem
1365 4514 1428 4557 non
1451 4515 1518 4578 per-

333 4640 523 4654 ‘d‘-

369 4734 393 4794 1)
409 4731 473 4779 Nub.
493 4726 628 4792 11211666.
646 4727 718 4780 lost.
