3538 5536
758 607 889 658 VESPAE.

410 771 522 852 νύκτωρ
541 771 726 840 ,κατέκλινεν
748 773 842 838 αὐτὸν
866 774 907 844 εἰς
933 772 1142 847 Ἀσκληπιοῦ·

408 877 421 941 ί
448 878 474 943 δ’
498 877 639 959 οῖνεφιένη
664 885 809 960 κνεφαῖος
835 878 884 942 ἐπὶ
909 889 948 960 τῇ
973 878 1120 957 κιγκλίδι.

409 987 543 1051 ε’ντεῖιίει
567 984 666 1050 οὐκέτ’
690 986 784 1050 αὐτὸν
808 984 1008 1067 ἐξεφρίεμεν·

408 1091 422 1156 ὃ
446 1091 473 1156 δ’
497 1091 686 1171 ἐξεδίδρασκε
710 1091 761 1157 διαί
785 1099 901 1157 τετῶν
926 1094 1076 1173 ὑδρορροῶν

409 1199 461 1264 καί
486 1205 544 1263 τῶν
567 1198 656 1264 έτῶν.
682 1200 772 1274 ἡμεῖς
797 1197 821 1262 δ’
848 1195 892 1264 έσ’
917 1195 949 1274 ἦν
974 1197 1145 1278 τετρημένα

409 1304 601 1382 ἐνεβύσαμεν
624 1306 750 1384 ῥακίοισι
774 1306 826 1369 καὶ
851 1302 1092 1383 έτακτιέσοιμεν·

409 1411 422 1474 ὃ
447 1410 473 1474 δ’
496 1409 623 1489 ὡστερεὶ
648 1413 760 1482 κολοιὸς
784 1412 868 1492 αὑτῷ
893 1413 1074 1482 παττάλους

231 1515 296 1581 130
410 1517 557 1596 ἐνέκρουεν
581 1517 623 1589 είς
647 1517 698 1581 τὸν
718 1525 833 1598 τοῖχον,
858 1514 914 1583 εἶτ’
940 1517 1098 1596 ἐξήλλετο.

409 1626 497 1701 ἡμεῖς
523 1624 554 1689 δέ
577 1624 631 1696 την
656 1625 753 1699 αὐληι
778 1621 909 1690 σ’ς’τασαν
932 1615 1061 1696 δικτύοις

264 1831 319 1882 125,
337 1826 477 1897 ἐξεφρίεμεν
494 1829 591 1896 Nauck]
609 1828 749 1896 ἓξεφρίομεν
766 1829 818 1891 VR,
837 1827 991 1896 ἐξεφρείομεν
1009 1832 1061 1881 alii.

263 1915 319 1965 128.
338 1910 502 1978 ἐνεβύσαμεν]
520 1910 591 1976 ἔτεβ.
608 1914 726 1980 Bleydes;
744 1915 775 1963 cf.
793 1914 859 1964 Plut.
877 1914 934 1966 679.

263 2101 319 2151 126.
351 2098 387 2158 εἷς
413 2100 581 2164 Ἀσκληπιοῦ]
612 2099 637 2148 in
662 2099 802 2165 Aesculapii
843 2099 891 2150 647
910 2099 1002 2149 Phoeu.
1019 2100 1069 2150 261
1084 2097 1183 2149 Hercul.
1202 2098 1266 2151 1267
1286 2100 1315 2148 fr.
1333 2099 1411 2150 781⁴·

230 2184 349 2248 templum
367 2184 431 2247 quod
446 2183 551 2248 Αορῖιιαο
565 2183 633 2232 erat?
647 2181 803 2232 libenter-
842 2183 926 2244 Dind.)
950 2182 1004 2232 alii.
1030 2182 1085 2232 Non
1107 2188 1171 2233 recte
1195 2183 1239 2231 alii
1256 2199 1270 2231 e
1287 2183 1359 2232 verbo
1377 2182 1415 2230 τί-

205 2325 207 2330 ,
230 2267 271 2316 ssd
294 2267 334 2315 vix
351 2266 434 2314 sinunt
450 2266 523 2314 verba
540 2264 803 2314 comici-crediderit
842 2271 933 2328 φρημι,
958 2266 1023 2329 quod
1048 2266 1145 2315 nullum
1166 2266 1225 2326 luit,
1249 2265 1293 2314 alii
1310 2283 1325 2314 a
1341 2266 1414 2315 verbo

231 2349 351 2415 quispiam
373 2349 403 2397 de
425 2348 558 2412 Ερῖοίοιονίο
579 2348 624 2396 illo
641 2349 699 2396 fano
717 2363 803 2397 sermo
842 2345 922 2410 φέρειν
939 2347 1110 2412 repetiverunt.

230 2448 285 2481 nam
301 2431 362 2491 fieri,
377 2432 441 2497 quod
457 2431 526 2480 aunis
542 2430 802 2480 lass—rsscmelius
878 2431 934 2480 126.
952 2427 1091 2495 ὑδρορροῶν]
1108 2435 1228 2488 teucrum
1245 2430 1419 2481 reditvocebu·

231 2530 304 2579 quam
320 2519 392 2563 antea
410 2513 529 2572 innotuit;
553 2513 603 2562 vid.
620 2512 689 2561 tituli
706 2512 732 2561 iu
750 2511 804 2564 col·
842 2512 895 2562 lum
912 2512 973 2561 roh.
991 2512 1048 2572 922,
1066 2512 1140 2561 1186.

229 2597 293 2647 litzii
314 2613 385 2662 opere
409 2597 542 2660 aasssqq„
566 2595 710 2661 quibuscum
727 2596 804 2644 confe-
877 2595 933 2643 129.
951 2594 1058 2659 κολοιδς]
1076 2595 1251 2643 monedulam
1267 2595 1341 2644 stiam
1356 2597 1417 2646 Aah.

230 2680 318 2728 sendus
335 2685 372 2729 est
386 2679 455 2728 locus
472 2678 498 2726 in
515 2677 590 2727 Pluto
605 2677 690 2726 fabula
704 2693 739 2726 vs.
754 2677 801 2725 411
844 2676 892 2728 875
910 2675 955 2742 Eq.
972 2676 1036 2726 1020
1054 2677 1145 2726 mentio
1160 2677 1196 2726 fit.
1213 2677 1280 2726 Inter
1288 2679 1418 2728 Athenien-

231 2767 255 2811 et
274 2763 383 2827 tbtsqq.
457 2809 459 2813 ,
843 2759 907 2809 sium
921 2775 977 2808 aves
992 2759 1135 2809 domesticas
1150 2765 1232 2820 erant,
1246 2760 1271 2809 in
1286 2762 1337 2810 foro
1353 2767 1416 2810 certe

265 2846 321 2895 121.
344 2844 469 2910 κνεφαῖος]
492 2843 639 2893 adiectivum
661 2843 803 2908 plerumque
844 2842 986 2891 venumdari
1004 2842 1129 2902 solebant,
1149 2842 1199 2891 vid.
1217 2843 1262 2892 Av.
1282 2844 1326 2902 16;
1352 2843 1417 2893 idom

232 2928 261 2977 ds
278 2934 386 2993 tempore
399 2927 531 2990 οεεροτίῖκο
544 2931 683 2990 usurpatur,
698 2925 803 2974 hisvero
843 2926 913 2974 docet
926 2925 1047 2990 l'haophr.
1061 2923 1116 2985 τερῖ
1129 2925 1360 2987 μικροφιλοτιμίοεει
1376 2925 1418 2975 καὶ

158 3063 162 3072 ,
231 3026 342 3059 sommam
358 3025 425 3058 ιιιαιεο
441 3009 546 3068 iudicat,
564 3008 625 3057 item
642 3009 704 3057 Rau.
724 3008 803 3066 1350;
843 3011 930 3069 κολοιῷ
958 3004 985 3055 δέ
1010 3003 1077 3056 ’ένδον
1103 3004 1244 3068 τρεφομένῳ
1268 3004 1343 3064 δεινος
1366 3017 1417 3056 κλι-

231 3094 262 3142 cf.
278 3093 387 3157 Xenoph.
403 3091 500 3140 Hellen.
518 3090 567 3139 VII
587 3092 599 3139 1
620 3092 682 3153 615,
699 3091 729 3140 de
746 3090 803 3139 Lao.
843 3089 931 3153 μάκιον
957 3087 1073 3150 πρίασθαι
1098 3087 1141 3137 καί
1167 3087 1282 3138 ἀσπίδιον
1304 3093 1417 3152 χαλκοῖν

231 3176 284 3225 (liv.
302 3176 333 3224 16
349 3175 386 3237 §3
404 3181 458 3234 etc„
474 3173 551 3226 Cobet
565 3173 628 3224 Nov.
641 3173 708 3222 Lect.
721 3189 746 3238 p.
755 3174 803 3222 610
843 3175 958 3230 ποιησαι,
982 3170 997 3220 6
1021 3169 1089 3235 ’έχων
1115 3170 1157 3220 ἐστὶ
1181 3174 1227 3220 τοῦ
1253 3173 1417 3232 κλιμακίονέ

231 3263 255 3307 at
277 3257 333 3308 726.
362 3283 396 3295 -
421 3257 510 3316 Senex,
534 3272 577 3305 ceu
600 3256 663 3305 alter
686 3255 804 3316 Leander,
843 3255 938 3311 κολοιὸς
960 3251 1108 3311 τηδησεται.
1131 3254 1214 3303 Plaut.
1238 3253 1334 3318 Captis.
1351 3255 1417 3304 1002

232 3346 300 3390 nocte
317 3340 462 3404 intempesta
479 3341 569 3388 fretum
586 3338 702 3387 tranavit.
838 3337 953 3401 patriciis
978 3336 1063 3401 ρειενῖε
1092 3341 1136 3384 out
1171 3338 1308 3387 monedulae
1339 3335 1344 3402 Ι
1374 3343 1418 3387 out

263 3447 298 3460 -
314 3419 437 3486 κιγκλίδι]
453 3421 544 3468 αίτέίν
560 3418 722 3482 δικαστηρίων
737 3417 803 3481 ίιίραι
843 3423 926 3467 assotae
960 3422 1004 3466 out
1038 3418 1169 3467 ootams'oes
1203 3419 1292 3468 οἰακῖιιν
1325 3419 1417 3484 quicum

232 3501 357 3568 κιγκλίδες
367 3501 501 3552 ἐκαλοῦντο
508 3503 636 3568 (Harpoor.
645 3519 664 3552 s.
670 3505 712 3564 v.).
721 3501 803 3552 Etiam
843 3501 950 3549 ίιιείίειιί.

231 3603 267 3636 vs.
293 3585 341 3638 775
367 3592 392 3635 st
415 3586 498 3651 liquit.
524 3586 570 3634 611
598 3591 803 3635 commemoratur
878 3583 946 3648 160]
970 3598 1040 3632 senex
1063 3582 1169 3647 paxillos
1186 3573 1276 3648 parieti
1293 3584 1365 3632 aulae
1383 3584 1418 3632 in·

231 3667 342 3731 κιγκλίς,
365 3668 390 3717 id
414 3675 450 3717 est
465 3668 524 3717 foris
543 3685 591 3732 qua
608 3665 743 3730 δρύφακτοι
760 3670 804 3729 (vs.
842 3666 944 3730 figebat,
971 3671 999 3714 ut
1019 3665 1068 3725 ita,
1091 3682 1134 3714 ceu
1158 3666 1223 3725 avis,
1249 3683 1262 3715 e
1289 3668 1359 3716 domo
1385 3668 1418 3715 sf-

233 3751 290 3812 386)
313 3750 466 3810 clauduntur,
483 3751 542 3799 item
565 3751 594 3800 fr.
613 3750 697 3813 2106
714 3746 736 3797 δ’
754 3747 805 3804 εἱλι-
842 3748 942 3812 fugerat.
984 3747 1146 3796 Recordemur
1172 3753 1267 3813 oportet
1297 3750 1416 3813 quomodo

231 3831 312 3890 αστηρ
338 3827 405 3894 είριτε
431 3832 489 3894 πρὸς
515 3831 559 3889 τὴν
584 3829 712 3894 κιγκλίδα.
737 3830 803 3891 Vox,
842 3829 982 3879 Australiae
1003 3829 1097 3878 incolae
1115 3830 1226 3894 aliaeque
1244 3831 1346 3880 fortuma
1363 3847 1417 3895 gen·

230 3915 329 3981 perinde
352 3919 425 3978 atque
449 3910 570 3974 δικλίδες,
594 3931 608 3962 ει
631 3915 703 3963 verbo
721 3912 803 3978 κλῄειν
842 3917 878 3962 tes
892 3912 1009 3961 barbarae
1023 3913 1149 3962 cacumina
1162 3913 1276 3961 arborum
1289 3913 1416 3974 celsarum,

231 3999 304 4047 ducta
321 4003 371 4057 est,
389 3997 431 4046 sed
447 3997 514 4061 prior
530 4014 587 4062 pars
605 3997 669 4046 unde
686 3997 803 4061 originem
843 4010 904 4059 quae
934 3994 1008 4043 ramis
1039 4000 1134 4054 carent,
1165 3994 1284 4058 attingere
1309 3996 1415 4046 soleant:

231 4082 319 4132 habeat
335 4080 454 4129 incertum
468 4083 493 4142 (a
507 4080 587 4140 κινεῖν,
600 4102 624 4122 --
637 4081 804 4145 δοιιτειῖριικῖῖ)
841 4077 961 4143 paxillum
984 4076 1068 4126 cortici
1093 4077 1209 4141 infigunt,
1232 4077 1318 4126 deinde
1339 4079 1416 4127 altero

264 4163 320 4213 125.
344 4158 464 4227 έντεῖίεν]
491 4161 520 4210 ab
543 4162 586 4211 illo
607 4147 664 4211 iside
687 4167 803 4228 tempore,
842 4161 902 4224 pods
924 4159 982 4210 huic
1000 4159 1093 4224 paxillo
1110 4158 1185 4208 innisi
1203 4159 1280 4208 elium
1296 4160 1416 4226 paxillum

229 4226 570 4310 {connaturalem
843 4243 923 4291 arbori
945 4242 1062 4306 infigunt,
1085 4242 1125 4290 eui
1148 4242 1233 4292 deinde
1257 4243 1360 4293 altorum
1378 4261 1418 4309 pe·

262 4353 297 4366 -
313 4323 466 4392 ἐξεφρίεμεν]
483 4326 509 4374 16
526 4332 562 4375 est
576 4320 742 4391 ἔξεσαρῖεμεν,
756 4341 802 4375 noa
843 4325 898 4373 dem
921 4325 1063 4389 imponunt,
1081 4329 1105 4372 et
1122 4325 1156 4373 sic
1174 4325 1249 4374 altius
1268 4343 1360 4391 semper
1377 4328 1417 4376 ad·

230 4410 277 4458 ίμνιι
294 4425 340 4474 per
361 4409 457 4457 ιάνεειαειι
467 4409 543 4473 foras
561 4408 660 4456 coadm
676 4425 728 4456 οκνα
744 4408 805 4456 εἱειε-
842 4408 966 4456 scendunt.
984 4434 1018 4444 -
1034 4405 1168 4455 Verborum
1192 4414 1313 4457 structura
1337 4414 1373 4458 est
1388 4409 1418 4458 li·

230 4493 317 4541 bamus.
349 4489 449 4540 Talibus
477 4490 543 4540 serbi
568 4490 680 4551 -ταρῖημι
706 4491 804 4551 formis,
842 4489 935 4550 uerior,
956 4489 1053 4539 dativus
1076 4490 1141 4538 cuim
1163 4491 1245 4555 potius
1268 4496 1355 4554 κολοιῷ
1380 4509 1418 4540 ox·

231 4591 292 4640 quae
318 4590 438 4639 syncopen
458 4589 544 4638 passae
568 4578 636 4633 suut,
654 4573 749 4639 saepius
766 4573 805 4623 usi
842 4573 993 4638 pectabutun
1008 4572 1123 4637 quoniam
1137 4589 1185 4622 non
1199 4574 1305 4638 paxillos
1318 4574 1416 4638 infigere

231 4655 804 4722 auntArietophanss(of.vs.147,156,162‚
842 4656 885 4704 sed
906 4671 949 4721 per
971 4655 1077 4720 paxillos
1102 4656 1190 4721 parieti
1215 4656 1301 4707 infixos
1326 4657 1416 4707 saltere

232 4741 280 4790 892
295 4741 339 4790 Aa.
350 4741 407 4802 196)
421 4739 549 4805 Euripides
562 4739 625 4802 (Alo.
636 4740 700 4790 1056
716 4739 804 4788 Trunci,
843 4744 880 4788 est
898 4739 1016 4790 aviculae.
