3538 5536
851 598 981 648 susm.

545 765 653 847 κοιόόσρ
675 770 737 844 νῦν,
763 763 850 830 πόόεν
875 767 945 838 ὠνη-

545 870 648 948 σόμεθ’
673 868 811 950 datorem
837 871 922 956 ἔχεις
947 872 993 935 ἕλ-

546 977 623 1043 πόδοι
648 978 786 1060 χρηστήν
810 1002 878 1042 σινοι
903 979 959 1056 νῷν
983 976 1000 1051 ἢ

547 1085 664 1166 πόρον
687 1082 841 1157 Ἕλλας
866 1084 947 1164 όρόν
971 1084 1085 1163 alesin

789 1215 1044 1272 ΚΟΡΤΦΑΙΟΣ.

537 1334 678 1396 ἰἰποιποιῖ
699 1334 782 1410 φεῦ,
806 1331 941 1394 ἀποιποιῑ
963 1333 1025 1410 Φεῦ
1037 1361 1046 1408 ,·

546 1437 593 1515 μοὶ
619 1436 661 1502 ΔΙ
669 1437 676 1464 ’
702 1441 756 1502 οὐκ
779 1435 881 1513 ἔγωγε
906 1437 960 1515 νῷν
984 1433 1039 1500 οἷδ’

546 1542 650 1610 όπόόεν
673 1545 707 1609 πό
731 1543 847 1608 δεῖπνον
873 1540 971 1608 ἔσται.

856 1674 970 1730 ΠΑΙΣ.

545 1788 584 1852 πό
603 1812 650 1864 με
673 1787 755 1862 δῆτ’
781 1783 801 1851 ὦ
825 1787 957 1864 μελέοι
979 1795 1105 1867 μῆτερ
1129 1786 1314 1866 ἔπικπεςς

787 1917 1042 1974 ΚΟΡΤΦΑΙΟΣ.

543 2028 579 2098 ἵν’
605 2031 670 2109 ἐμοὶ
696 2029 877 2112 πρόκροσσοι
901 2031 1026 2110 βόσκειν
1050 2030 1202 2116 ποιρέχρς.
1291 2113 1292 2116 ¹

859 2163 973 2219 ΠΑΙΣ.

319 2273 383 2340 315
543 2277 735 2352 ἀνόνητον
760 2273 815 2354 ἄρ’
840 2271 861 2339 ὦ
884 2274 1027 2340 θυλάκιόν
1052 2279 1080 2340 σ’
1106 2271 1223 2358 εἶχον
1247 2273 1438 2354 ἄνολβοι.

318 2435 1506 2446 *Μ*

351 2515 406 2564 308.
425 2515 472 2576 ἱρὸν
490 2513 565 2563 εἷπεϊν
582 2515 718 2580 Hermann]
737 2515 805 2576 ἱερόν.

350 2599 406 2646 309.
423 2597 527 2646 ιἰποιποιῖ
540 2599 600 2664 φεῦ]
616 2597 642 2647 in
659 2599 728 2647 eodd.
745 2599 820 2647 semel
837 2599 954 2663 scriptum
971 2598 1108 2662 duplicavit
1125 2597 1258 2648 Hermann.

351 2680 406 2729 311.
424 2680 454 2728 πό
472 2679 560 2746 Cobet]
578 2696 617 2744 γε.

351 2763 419 2828 313]
436 2763 512 2828 petris
529 2780 592 2823 esse,
609 2779 658 2812 non
674 2763 732 2823 filii,
751 2763 814 2829 vidit
832 2763 908 2813 Cobet
928 2762 983 2813 Var.
1002 2763 1067 2812 Leet.
1084 2780 1107 2828 p.
1119 2762 1159 2823 67,
1174 2765 1205 2813 of.
1220 2763 1357 2812 Nov.Leot.
1373 2780 1396 2829 p.
1407 2763 1455 2812 393
1465 2779 1509 2826 sq.‚

316 2846 359 2911 qui
381 2846 473 2910 primus
496 2846 578 2895 locum
595 2852 659 2895 reete
675 2846 848 2910 interpretetus
867 2851 917 2906 est,
934 2862 987 2895 eum
1005 2847 1078 2911 vulgo
1096 2847 1243 2911 perabsurde
1261 2847 1417 2910 iungerentur
1434 2848 1507 2896 verba

315 2927 458 2991 πρόγμοισοι
476 2930 574 2990 βόσκειν
591 2945 619 2977 en
636 2935 744 2978 veterum
762 2929 975 2993 grammaticorum
993 2929 1138 2978 auctoritate
1155 2932 1225 2991 (teste
1243 2929 1352 2992 scholio).

351 3013 399 3060 314
408 3028 443 3076 sq.
461 3009 499 3074 op*
518 3008 535 3060 ό
552 3011 666 3061 όολόκιόν
684 3012 709 3060 σ’
727 3013 863 3079 Hermann]
881 3011 929 3073 όόροι
946 3012 971 3060 σ’
988 3008 1006 3060 ὦ
1025 3010 1191 3075 semustas.

351 3244 406 3293 308.
415 3244 486 3303 πόρον
495 3241 592 3299 ’Ἐλλῖιρ
602 3243 661 3307 ἱρόν]
671 3243 849 3306 Hellespontum
855 3243 891 3291 ita
930 3243 1025 3291 debeam
1042 3243 1170 3307 respondet
1188 3259 1259 3292 senex
1273 3244 1433 3294 truculentus.
1452 3243 1507 3292 Ver·

314 3326 407 3392 poetice
424 3325 574 3374 indicaverat
592 3325 711 3374 Pindarus
725 3331 786 3375 teste
801 3326 889 3384 schol.;
930 3325 988 3373 bum
1019 3327 1125 3386 βόσκειν,
1156 3327 1220 3390 quod
1243 3343 1291 3375 non
1315 3327 1344 3376 de
1366 3327 1505 3376 hominibus

315 3410 345 3458 ef.
371 3409 457 3457 Aeseh.
483 3408 551 3457 Pers.
573 3408 604 3460 70
631 3405 768 3469 λινοδέσμῳ
796 3405 891 3474 σχεδίᾳ
930 3408 972 3457 sed
1000 3409 1029 3457 de
1059 3407 1206 3457 animalibus
1232 3409 1370 3458 domesticis
1396 3409 1445 3458 diei
1472 3426 1507 3459 so·

315 3489 419 3553 πορόμόν
442 3489 553 3551 ἀμείψας
568 3489 573 3558 Ι
588 3487 767 3550 Ἀόοιμοιντόδος
783 3489 890 3548 (Ἕλλας,
930 3491 978 3550 let,
997 3491 1170 3540 contumeliose
1193 3491 1322 3540 adhibetur
1339 3509 1383 3556 pro
1400 3490 1505 3554 πρέψειν.

316 3575 362 3623 Sed
384 3573 489 3623 comicus
514 3573 553 3622 his
576 3573 655 3622 verbis
674 3573 737 3622 nihil
753 3573 800 3621 nisi
816 3573 890 3632 νόοιο,
930 3573 967 3621 De
992 3579 1113 3622 structura
1139 3575 1267 3624 verborum
1294 3574 1342 3636 (όνοι
1364 3572 1506 3637 πράγματα

314 3659 402 3706 exitum
426 3656 553 3721 signifieat.
581 3657 621 3705 Sie
648 3657 806 3705 Prometheus
825 3657 890 3721 apud
930 3653 1044 3719 παρέχῃς
1070 3673 1111 3716 μοι
1140 3657 1237 3718 βόσκειν
1264 3674 1295 3706 se.
1323 3660 1361 3718 σε)
1394 3657 1505 3706 videatur

314 3739 461 3805 Aeschylum
478 3739 566 3789 dieitur
584 3737 659 3797 δεινός
676 3737 750 3800 εὑρεῖν
766 3738 813 3804 κάξ
828 3738 890 3799 dan·
930 3738 1007 3788 Cobet
1033 3739 1095 3788 Nov.
1121 3738 1186 3788 Leot.
1211 3757 1235 3804 p.
1260 3740 1308 3788 393
1318 3757 1361 3804 sq„
1389 3741 1430 3805 qui
1456 3741 1505 3789 alie

315 3819 398 3884 χιόνων
416 3824 511 3883 πόρονρ.
930 3821 1040 3886 exempla
1051 3822 1166 3871 infinitivi
1176 3823 1248 3872 verbo
1257 3820 1327 3884 ’ἔχειν
1338 3823 1377 3871 vol
1386 3823 1504 3885 παρέχειν

349 3905 405 3952 310.
423 3904 478 3969 νῷν]
495 3905 553 3952 mibi
570 3904 651 3968 (patri)
671 3905 759 3968 tibique
778 3903 854 3966 (filio).
915 3890 1052 3954 subiunoti
1077 3906 1146 3954 affert
1176 3906 1284 3970 Xenoph.
1312 3905 1399 3971 Oyrop.
1429 3905 1464 3954 IV
1490 3909 1505 3954 4

349 3987 417 4052 312]
443 3985 456 4034 ό
480 3987 554 4049 λόγος
576 3982 604 4035 ἐκ
628 3983 728 4042 Θησέως
751 3983 888 4047 Εὐριπίδου.
929 3987 1504 4050 §hdhnab.1112§27‚P1ot.Phaedon.llbca

314 4059 367 4118 ἐκεῖ
388 4070 436 4132 γόιρ
460 4070 544 4116 τοῦτον
561 4065 678 4131 λέγουσιν
697 4067 723 4115 οἱ
737 4071 889 4129 ταττόμενοι
964 4071 1021 4119 314.
1038 4069 1164 4134 ιἰνόνιρσον]
1183 4071 1213 4118 de
1230 4071 1276 4119 hoo
1291 4071 1424 4130 adieetivo,
1442 4071 1505 4135 quod

314 4150 400 4210 παῖδες
422 4149 458 4208 εἷς
480 4151 552 4211 βορόιν
576 4155 611 4212 τῷ
629 4148 786 4212 Μινωποιόρῳ.
813 4152 843 4199 τὸ
862 4149 889 4199 δὲ
928 4152 1041 4218 Euripidi
1057 4153 1084 4201 in
1102 4153 1194 4202 deliciis
1212 4153 1273 4212 fuit,
1297 4155 1327 4202 ef.
1345 4153 1438 4203 Heoub.
1456 4153 1504 4206 766

314 4232 369 4300 ἑξῆς
401 4234 551 4289 Ἱππόλνπός
585 4230 654 4280 ἐστιν
680 4232 692 4280 ὁ
719 4230 799 4296 λέγειν
826 4231 887 4281 ἐκεῖ
928 4236 1029 4300 Hippol.
1048 4236 1121 4284 1144.

314 4316 445 4376 „dadam
454 4313 664 4378 όόγοιλμοι,πόπερ
674 4353 680 4372 ,
689 4313 776 4364 όόκοισι
785 4314 887 4365 σεκόιν”.
960 4345 994 4356 —-
1012 4316 1138 4383 θυλάκιον]
1156 4319 1185 4366 de
1205 4316 1301 4380 όνλόκῳ
1320 4319 1370 4368 sive
1380 4335 1442 4383 pera
1456 4319 1504 4368 vid.

348 4398 567 4464 313.]perridicule
576 4399 697 4448 flebilibus
706 4399 776 4463 pueri
785 4399 888 4463 querelis
928 4401 972 4448 Av.
993 4401 1040 4449 603
1062 4400 1130 4450 ΕοοΙ.
1149 4402 1206 4461 382,
1224 4402 1272 4450 820
1294 4402 1360 4451 Plut.
1380 4401 1436 4452 763.
1460 4401 1505 4450 De-

313 4483 491 4546 snbiunguntur
510 4481 587 4546 patris
605 4482 679 4530 verbe
697 4499 711 4530 a
728 4481 824 4546 poetica
841 4483 887 4531 ele·
927 4483 1074 4532 minutivnm
1092 4485 1166 4533 etiam
1184 4484 1246 4532 Ran.
1265 4484 1330 4532 1203
1348 4491 1424 4533 extet.
1570 4469 1572 4474 Ι

313 4565 396 4630 gantis
411 4565 491 4613 aliena
504 4564 628 4627 nullisque
644 4563 775 4613 involucris
785 4564 887 4613 obtecta.
962 4567 1018 4615 316.
1036 4564 1157 4631 dyonea]
1176 4567 1211 4614 ita
1229 4583 1244 4614 a
1258 4566 1336 4631 poetis
1352 4566 1441 4615 dieitur
1455 4569 1503 4613 πᾶν

317 4649 363 4697 Vae
378 4651 461 4706 mater,
477 4663 520 4696 σοιν
537 4650 608 4696 mue
622 4648 689 4694 sam!
703 4647 799 4711 rogavit
815 4647 888 4707 filius,
928 4643 968 4709 ἐφ’
986 4643 1003 4710 ᾧ
1019 4664 1059 4705 τις
1074 4646 1228 4710 ἀγάλλεται.
1245 4647 1301 4697 Vid.
1312 4648 1386 4696 etiam
1395 4647 1503 4712 Xenoph.

313 4735 340 4780 ιιό
360 4730 419 4778 mibi
442 4729 538 4794 νεκροόόο
557 4730 685 4794 facessas,
710 4729 751 4794 qui
776 4729 840 4778 οόονο
866 4734 889 4778 te
928 4729 1003 4778 Gonu.
1021 4729 1034 4777 I
1052 4730 1112 4792 §11
