3538 5536
756 526 887 574 VXSPAX.
1301 523 1418 571 XXXVII

225 695 271 758 sic
303 692 476 759 lucremur.
512 693 627 759 Aetam
656 715 724 760 esse
753 692 933 780 Vesparum
964 694 1106 761 fabulam
1133 693 1197 759 ἔοοι
1228 694 1262 770 β’
1287 701 1340 767 τῆς
1365 693 1415 757 rt'

225 800 414 876 ὀλυμπιάδος
424 837 436 878 <,
472 799 506 864 id
539 813 664 865 certum
698 805 746 865 est
781 821 872 878 sane,
904 800 958 866 sed
987 823 1050 866 non
1081 804 1190 866 minus
1221 806 1345 866 certum
1369 804 1418 865 est

224 905 327 972 aliena
350 927 416 972 esse
439 908 503 971 ista
525 907 622 972 verba
645 927 663 972 a
686 909 787 973 veteri
813 907 960 974 ὑποθέσει.
995 907 1106 993 Itaque
1129 909 1227 973 verba
1250 907 1289 972 ad
1312 906 1419 971 Kann-

224 1016 355 1099 giesseri
388 1015 581 1078 sententiam
611 1018 736 1079 mutata
767 1034 824 1079 suo
852 1017 921 1080 iuro
946 1036 962 1079 e
986 1021 1078 1080 textu
1102 1017 1194 1080 eiecit
1217 1011 1415 1107 Dindorfius,

225 1126 378 1205 tanquam
404 1120 464 1197 „ab
489 1122 662 1186 recentiore
686 1117 898 1206 grammatico
922 1122 1072 1186 inserta’'.
1094 1121 1167 1186 Non
1187 1127 1295 1186 tamen
1315 1121 1419 1185 critici

225 1225 389 1312 prudentis
421 1230 469 1291 est
498 1226 595 1291 verba
626 1227 759 1291 obscura
788 1229 834 1292 ita
858 1225 1013 1313 reingere
1037 1233 1074 1293 ut
1097 1229 1263 1313 perspicue
1286 1226 1417 1311 quidem

225 1331 303 1397 fiant
325 1331 380 1397 sed
403 1331 617 1397 simul=obelo
642 1332 749 1420 digna.

271 1438 333 1503 Sed
356 1440 405 1505 fac
427 1460 524 1524 quam
547 1441 688 1504 maxime
712 1439 923 1505 verisimilem
946 1461 1013 1506 esse
1036 1440 1265 1527 Kanngiesseri
1288 1441 1418 1526 suspici-

226 1566 320 1610 onem
355 1549 383 1610 si
416 1567 471 1631 per
506 1567 539 1611 se
571 1552 749 1632 spectetur,
782 1547 938 1612 refutatur
969 1553 1077 1614 tamen
1111 1553 1279 1624 contextu3
1312 1549 1418 1612 vicina

225 1656 313 1717 enim
354 1656 474 1718 restant
509 1659 675 1739 corrupta,
711 1674 813 1739 nsque
848 1656 876 1718 is
911 1674 1036 1719 sanasse
1071 1653 1179 1720 locum
1216 1653 1279 1718 dici
1313 1659 1419 1740 potest

226 1762 282 1845 qui
320 1781 421 1824 unum
460 1757 590 1845 aliquod
623 1758 815 1825 vocabulum
846 1764 969 1838 mutet,
1002 1763 1148 1846 proxima
1179 1757 1280 1824 nihilo
1311 1761 1418 1823 minus

227 1868 360 1933 obscura
383 1865 553 1952 relinquat.
577 1865 662 1932 Nam
686 1866 777 1932 nullo
800 1867 929 1933 vinculo
954 1888 1028 1933 cum
1052 1870 1167 1932 vicinis
1192 1867 1338 1932 cohaeret
1356 1887 1418 1931 vox

225 1975 267 2043 εἰς
293 1974 435 2050 nivern,
459 1980 492 2038 et
515 1972 679 2058 aliquanto
703 1976 802 2040 etiam
825 1977 958 2060 gravius
982 1994 1081 2060 quam
1103 1973 1187 2040 illud
1212 1977 1241 2037 ἐι
1264 1983 1302 2049 rso
1329 1973 1417 2036 πόλει

225 2080 354 2146 offendit
388 2081 436 2146 bis
468 2086 739 2146 commemoratus
768 2080 963 2147 Philonides.
995 2080 1194 2146 Didascaliae
1223 2080 1330 2147 verbis
1364 2081 1420 2165 qui

225 2187 322 2252 fidem
352 2188 466 2265 habet,
498 2189 532 2251 in
567 2189 713 2252 animum
745 2188 807 2253 sibi
838 2188 987 2254 inducere
1012 2188 1105 2253 debet
1128 2186 1333 2252 Philonidem
1355 2206 1419 2251 uno

228 2294 403 2381 eodemque
436 2294 488 2360 die
519 2294 599 2360 festo
632 2293 710 2359 dues
743 2293 866 2360 fabulas
889 2293 1154 2380 Aristophaneus,
1178 2292 1378 2380 Proagonem
1396 2290 1418 2373 ¹)

227 2407 260 2467 et
291 2400 427 2487 Vespas,
459 2422 516 2467 suo
547 2403 677 2467 nomine
708 2400 841 2466 dedisse.
876 2400 966 2481 Quod
990 2404 1140 2487 quoniam
1162 2397 1349 2466 incredibile
1372 2403 1420 2464 est

227 2514 260 2573 et
282 2529 356 2574 vere
377 2507 566 2586 absurdum,
590 2506 741 2574 Meineke
763 2511 896 2586 coniecit
914 2530 972 2593 pro
991 2509 1041 2571 διὰ
1063 2507 1225 2572 Φιλωνίδου
1245 2504 1420 2593 legendum

228 2636 295 2680 esse
330 2617 381 2681 troi
414 2615 668 2694 Καλλιστράτου,
702 2614 758 2681 alii
789 2618 1027 2681 nominativum
1058 2614 1222 2688 ,Φιλωνίδης
1246 2616 1280 2678 in
1305 2613 1421 2677 Κολλί-

229 2744 359 2801 οοροιτος
383 2721 515 2787 fortasse
539 2723 753 2799 mutaverint,
774 2720 826 2787 vel
846 2725 945 2787 etiam
964 2720 1102 2786 alterum
1113 2719 1292 2786 Philonidis
1304 2739 1420 2784 nomen

230 2827 399 2893 delendum
434 2848 501 2894 esse
532 2830 751 2914 suspicentur,
776 2834 904 2915 poetam
928 2831 1014 2894 enim
1039 2831 1107 2895 sive
1129 2828 1329 2914 Proagonem
1352 2829 1420 2892 sive

230 2934 348 3022 Vespes
384 2955 441 3002 suo
476 2936 603 3000 nomine
639 2935 772 3002 dedisse.
805 2934 867 3000 Sed
899 2935 1085 3002 huiusmodi
1117 2937 1315 3000 coniecturae
1345 2953 1421 2997 cum

230 3043 416 3107 temerariae
444 3041 554 3107 ¹forent
584 3049 657 3107 tum
684 3041 826 3108 inutiles.
852 3041 1016 3106 Absurdus
1041 3049 1089 3108 est
1111 3040 1291 3106 Philonidis
1314 3060 1422 3104 aemu-

228 3147 281 3213 lus
300 3147 501 3226 Philonides,
519 3148 674 3214 absurdus
686 3149 767 3215 foret
779 3147 1000 3226 Callistratus,
1014 3148 1169 3214 absurdus
1181 3147 1420 3233 Aristophanes.

229 3254 314 3320 Nam
343 3276 401 3320 suo
433 3258 561 3321 nomine
591 3262 628 3320 ut
658 3234 811 3322 fabulam⁸
832 3256 956 3321 doceret
980 3262 1090 3341 poeta,
1116 3257 1171 3340 qui
1194 3260 1266 3340 post
1289 3252 1421 3338 Equites

230 3382 339 3427 scenae
362 3363 549 3426 commissos
571 3358 674 3437 ξειίοοο
698 3361 905 3427 insimulatus
925 3362 1046 3440 fuerat,
1069 3361 1104 3425 id
1122 3360 1191 3427 fieri
1211 3362 1339 3425 omnino
1358 3380 1421 3423 non

229 3471 353 3554 potuit;
386 3488 489 3552 neque
522 3471 628 3554 magis
651 3473 701 3535 est
724 3468 892 3547 credibile,
916 3469 976 3534 hoc
999 3476 1158 3553 tempore,
1184 3487 1247 3553 quo
1273 3472 1336 3532 tres
1361 3468 1422 3530 sin-

230 3573 318 3661 gulis
337 3572 425 3638 ludis
444 3575 607 3640 certabant
627 3580 757 3661 poetae,
778 3575 979 3652 archontem,
1001 3578 1053 3639 cui
1074 3577 1187 3639 comici
1209 3573 1352 3638 dramata
1364 3592 1422 3636 sua

231 3680 418 3757 offerebant,
452 3680 530 3746 duas
562 3681 706 3747 eiusdem
737 3688 847 3768 poetae
878 3681 1056 3746 comoedias
1079 3683 1113 3745 in
1137 3702 1240 3745 unum
1262 3684 1422 3745 certamen

232 3787 329 3851 fuisse
352 3785 567 3853 admissurum
579 3787 622 3870 ²),
648 3791 776 3854 etiamsi
799 3787 911 3854 alienis
935 3788 1120 3854 nominibus
1139 3793 1398 3873 proponerentur.

275 3891 360 3957 Nam
391 3894 450 3958 sub
481 3891 658 3960 Callistrati
682 3894 924 3980 Philonidisque
949 3895 1134 3960 nominibus
1155 3893 1282 3959 latitare
1304 3894 1423 3982 Aristo·

243 4072 421 4082 —n-—u--n—

265 4178 289 4240 1)
306 4176 370 4225 Nem
386 4175 538 4242 Proagonom
554 4175 678 4236 fabulam,
700 4191 762 4241 quae
779 4176 805 4225 in
822 4182 964 4241 argumento
978 4182 1188 4235 commemoratur,
1202 4191 1251 4225 non
1266 4193 1280 4224 ιι
1294 4175 1424 4225 Philonide

230 4261 344 4336 οονὶρλοοιο
367 4276 432 4319 csse,
454 4261 496 4308 sed
518 4260 687 4323 Aristophanis
704 4260 767 4309 hanc
785 4260 859 4308 fuisse
877 4261 1000 4320 fabulam,
1020 4260 1119 4310 aliunde
1137 4259 1197 4309 satis
1215 4259 1351 4324 cognitam,
1369 4258 1425 4308 Phi·

157 4370 160 4374 ·
230 4342 320 4392 lonidis
338 4349 420 4391 autem
440 4341 537 4391 nomine
555 4357 640 4390 scenae
658 4337 824 4400 commissam,
848 4343 874 4391 id
891 4342 976 4406 procul
994 4343 1067 4392 dubio
1085 4349 1149 4392 recto
1165 4347 1305 4391 statuerunt
1320 4341 1427 4391 Dindorf

230 4426 326 4490 Fragm.
349 4423 474 4490 Aristoph.
500 4424 578 4486 (Post.
605 4423 673 4474 Scan.
698 4440 722 4488 p.
742 4422 807 4485 189),
829 4425 1008 4473 vWilamowitz
1029 4424 1102 4473 Anni.
1128 4423 1213 4488 Eurip.
1238 4439 1261 4488 p.
1283 4424 1339 4482 153,
1355 4423 1423 4473 Koclr

231 4507 326 4572 Pragm,
344 4507 413 4556 (lom.
431 4507 444 4556 I
462 4523 487 4572 p.
507 4506 687 4571 510,Blaydos
706 4505 802 4570 Pragm.
820 4506 946 4571 Aristoph.
963 4522 987 4570 p.
1007 4506 1064 4566 240,
1082 4506 1135 4555 alii.

265 4592 290 4652 2)
311 4591 413 4650 Postea,
439 4607 494 4640 cum
517 4590 584 4654 quini
608 4595 741 4650 certarent,
764 4590 860 4639 duabus
883 4589 974 4640 fabulis
996 4596 1081 4656 poetas
1103 4589 1224 4640 interdum
1249 4588 1336 4639 vicisse
1353 4589 1424 4642 docet

233 4672 295 4723 cle.
314 4673 361 4723 281
380 4672 429 4736 (01.
448 4672 503 4722 CVI
521 4673 553 4735 8).
