3538 5536
335 565 392 613 xvi
861 565 993 615 werlu.

334 733 400 799 fore
431 732 560 798 iudicia.
595 732 712 799 Maesti
746 739 823 799 tuno
854 734 988 813 abeunt,
1014 734 1219 800 esuriendum
1243 736 1330 800 enim
1354 735 1432 813 erit,
1457 756 1519 800 non

335 839 452 904 habent
482 839 566 904 unde
597 839 659 904 sibi
689 841 818 925 suisque
841 840 1011 925 prandium
1035 845 1141 907 emant
1156 843 1191 921 ¹).
1215 842 1259 905 At
1281 843 1308 905 si
1331 843 1402 926 quis
1423 841 1520 906 iudex

335 951 419 1012 sorte
442 952 491 1012 est
513 945 715 1032 designatus,
738 945 795 1011 ille
818 946 877 1011 sub
900 946 1068 1013 meridiem
1091 948 1247 1033 superbus
1268 948 1401 1013 domum
1420 947 1530 1013 reditr.

335 1051 438 1118 affluit
471 1051 591 1117 scilicet
624 1053 755 1138 opibus:
781 1055 1008 1130 trinummum
1042 1059 1147 1132 tenet,
1184 1053 1410 1120 exosculantur
1444 1075 1519 1119 eum

334 1180 415 1224 uxor
437 1157 503 1224 filia
526 1161 597 1244 quis
619 1180 700 1237 non,
725 1156 860 1225 Croesus
884 1160 946 1225 sibi
970 1163 1097 1246 suisque
1122 1158 1301 1242 videtur2).

380 1264 486 1344 Haeo,
511 1286 609 1350 quam
630 1268 715 1331 inter
736 1268 940 1332 iuventutem
961 1273 1057 1352 atque
1080 1270 1276 1333 senectutem
1297 1271 1522 1333 veteranorum

336 1373 475 1438 comicus
510 1375 694 1450 constituit,
730 1375 887 1459 oppositio
919 1394 1016 1460 quam
1046 1377 1126 1439 acris
1158 1375 1387 1460 spectatoribus
1419 1375 1522 1440 videri

336 1479 496 1557 debuerit,
521 1480 695 1564 persentire
716 1500 810 1545 nemo
833 1485 939 1565 potest
961 1482 1023 1544 nisi
1046 1482 1231 1546 meminerit
1253 1480 1357 1566 qualis
1380 1482 1414 1544 in
1427 1477 1522 1546 Grae-

335 1591 462 1663 corum,
493 1583 679 1670 praesertim
708 1606 784 1651 vero
814 1587 850 1649 in
872 1587 1118 1652 Atheniensium
1141 1587 1303 1651 mentibus
1325 1586 1423 1652 fuerit
1446 1585 1522 1651 belli

334 1690 455 1756 Persici
483 1693 646 1756 memoria.
679 1691 889 1757 Admirabilia
917 1693 1072 1770 facinora,
1097 1693 1213 1778 quibus
1237 1689 1351 1760 Graeci
1375 1693 1545 1758 barbaros.

333 1799 489 1862 irruentes
513 1817 531 1862 a
553 1799 657 1882 patria
680 1797 900 1884 propulerant,
924 1799 1003 1863 dum
1022 1800 1060 1864 ab
1081 1798 1266 1884 aequalibus
1287 1819 1324 1864 ea
1344 1819 1406 1885 qua
1425 1799 1522 1885 digna

334 1908 423 1968 erant
441 1905 642 1969 veneratione
665 1901 914 1984 celebrabantur,
938 1907 971 1968 in
994 1907 1099 1970 maius
1119 1907 1217 1970 etiam
1237 1904 1470 1971 extollebantur
1490 1909 1522 1970 et

333 2009 571 2076 ultramodum
591 2011 770 2076 humanum
789 2017 883 2077 aucta
901 2033 964 2076 non
985 2014 1051 2077 iam
1062 2011 1152 2077 illius
1164 2015 1236 2078 aevi
1247 2012 1302 2077 sed
1313 2011 1431 2077 heroici
1442 2017 1521 2076 tem-

334 2118 419 2200 poris
442 2137 514 2203 pars
533 2137 600 2182 esse
619 2118 819 2184 ridebantur.
840 2117 878 2182 In
898 2122 967 2183 stoa
985 2117 1106 2203 poecile
1125 2117 1252 2203 publico
1275 2125 1385 2183 sumtu
1398 2117 1522 2202 depicta

335 2227 403 2286 erat
433 2243 516 2288 nova
545 2222 603 2289 illa
632 2225 893 2312 gigantomachia
908 2225 951 2306 ³);
985 2223 1143 2289 Miltiadis
1166 2225 1212 2288 ibi
1235 2214 1521 2309 Themistoclisque

335 2328 481 2415 aequales
511 2331 719 2397 cernebantur
749 2332 881 2398 eandem
912 2354 987 2397 cum
1018 2332 1166 2397 heroibus
1196 2332 1319 2417 diisque
1345 2331 1522 2397 obtinentes

335 2439 452 2514 aciem,
478 2457 551 2502 oum
575 2437 722 2504 Minerva
745 2443 778 2504 et
801 2437 941 2504 Hercule
960 2443 991 2504 et
1011 2437 1131 2504 Theseo
1152 2443 1184 2504 et
1203 2437 1336 2503 Echetlo
1358 2458 1520 2503 vomerem

333 2545 368 2606 in
408 2543 513 2626 hpstes
547 2549 713 2629 torquente
747 2547 880 2631 ipsoque
915 2545 1127 2610 Marathonis·
1149 2546 1244 2610 heroe
1280 2547 1466 2632 cognomini
1483 2545 1520 2629 ⁴).

156 2635 158 2640 ¹
268 2673 270 2677 ’
334 2650 449 2716 Elidem
471 2671 556 2714 nunc
579 2653 641 2716 viri
662 2650 780 2738 gaudio
804 2649 949 2716 exultant
974 2653 1097 2735 quoties
1122 2649 1295 2716 triobolum
1317 2654 1521 2727 meruerunt;

335 2758 451 2843 quibus
485 2769 560 2822 varo
594 2757 704 2822 diebus
739 2779 859 2823 merces
889 2757 977 2823 nulla
1006 2760 1047 2822 iis
1078 2759 1271 2844 porrigitur,
1306 2756 1416 2822 flentes
1439 2759 1524 2821 inter

335 2863 459 2949 prolem
488 2866 681 2928 esurientem
711 2864 799 2929 domi
829 2865 971 2929 desident
1000 2863 1168 2929 bellatores
1199 2863 1266 2942 illi,
1299 2867 1355 2948 qui
1385 2865 1523 2948 patriam
1599 2933 1611 2955 μ
1714 2937 1715 2946 ¹

335 2969 414 3036 olim
443 2975 610 3034 servarunt
641 2971 679 3035 ab
709 2970 852 3036 hostium
882 2973 1064 3048 invasione,
1098 2992 1236 3055 quorum
1268 2973 1399 3035 virtutis
1431 2972 1522 3034 tastis

336 3080 384 3142 est
407 3095 538 3161 campus
559 3074 801 3155 Marathonius,
827 3079 918 3142 testis
942 3083 990 3141 est
1013 3075 1167 3154 Salamis,
1193 3097 1255 3161 quo
1280 3079 1389 3161 copiae
1413 3074 1523 3141 barba·

336 3203 446 3248 rorum
478 3202 497 3247 a
519 3178 649 3248 Graecis
672 3184 859 3249 numinibus
883 3187 957 3247 sunt
982 3182 1163 3268 compulsae
1187 3187 1225 3247 ut
1247 3185 1417 3247 interitum
1439 3184 1525 3246 inve·

336 3291 442 3352 nirent
471 3290 506 3352 in
530 3289 612 3353 mari
632 3289 740 3354 Attico
764 3295 797 3354 et
818 3289 995 3376 naufragiis
1018 3289 1129 3354 littora
1153 3287 1296 3374 Sepiadis
1321 3286 1523 3373 Coliadisque

337 3401 580 3459 consternerent
611 3395 715 3461 Asiae
736 3394 787 3459 illi
813 3395 966 3473 domino,
999 3398 1054 3481 qui
1084 3398 1186 3461 maria
1217 3397 1298 3460 sicco
1322 3395 1402 3481 pede
1427 3401 1525 3458 trans-

335 3520 464 3587 gressus
494 3500 599 3564 fuerat
629 3505 661 3564 et
691 3521 748 3587 per
770 3505 896 3566 montes
919 3503 1104 3587 navigarat,
1130 3483 1264 3566 aureum
1288 3521 1384 3565 suum
1408 3499 1525 3564 solium

335 3609 369 3671 in
392 3605 500 3671 littore
527 3607 632 3670 Attico
656 3605 809 3672 collocare
833 3608 879 3671 dii
902 3613 1140 3685 concesserunt,
1162 3627 1223 3692 quo
1243 3606 1360 3671 molius
1382 3627 1420 3670 ex
1441 3605 1525 3669 odito

335 3712 393 3777 illo
420 3710 489 3777 loco
514 3709 707 3797 conspiceret
730 3713 858 3778 caedem
881 3713 1023 3779 militum
1049 3734 1180 3780 suorum
1201 3714 1236 3775 in
1259 3711 1409 3777 fluctibus
1433 3713 1528 3798 iugu-

335 3818 495 3896 latorum,
532 3824 569 3882 ut
604 3820 804 3906 thynnorum
840 3840 958 3907 agmen
981 3820 1102 3885 retibus
1126 3821 1392 3884 circumuentum.
1416 3817 1526 3882 Persia

337 3926 415 3990 viris
439 3925 548 3990 orbata
565 3928 638 4001 est,
662 3927 730 4009 ipse
755 3947 811 3990 rex
835 3926 991 4013 profugus
1016 3926 1174 3991 oberravit
1193 3924 1296 3990 lacera
1315 3932 1402 3990 veste
1415 3943 1528 3988 vacua

337 4051 398 4116 quo
417 4030 582 4114 pharetra3
604 4028 832 4096 Susismatres
853 4030 1088 4118 plangebantur
1103 4033 1233 4116 propter
1244 4034 1393 4095 natorum
1406 4029 1527 4093 funera.

337 4135 388 4202 Sic
419 4139 594 4214 exercitus,
618 4140 674 4221 qui
697 4136 830 4202 flumina
853 4138 988 4204 bibendo
1012 4137 1236 4214 exhauriebat,
1263 4139 1418 4220 cuiusque
1443 4155 1529 4199 men-

337 4305 541 4316 ..ρ-...η--ιι--ι

373 4384 397 4445 1)
414 4381 485 4446 Voep.
504 4381 553 4429 303
571 4380 636 4430 Eccl.
655 4381 712 4431 688.

372 4467 397 4527 2)
416 4463 488 4528 Veep.
507 4462 617 4526 coorqq.

372 4549 396 4610 s)
422 4544 486 4609 ’ἔργα
510 4541 570 4608 ἄξιαι
592 4545 638 4592 τοῦ
660 4541 772 4604 πέπλου,
796 4545 869 4610 digno
896 4543 957 4609 quac
974 4543 1042 4593 iuxta
1060 4543 1175 4594 coelitum
1193 4561 1248 4594 cum
1266 4543 1404 4610 gigantibus
1421 4557 1528 4609 pugnam

337 4632 364 4680 in
381 4629 506 4678 Minervas
522 4625 595 4690 poplo
615 4633 865 4690 repraesentarentur,
883 4628 1058 4692 Aristophanes
1073 4627 1170 4678 vocarit
1183 4635 1281 4693 potrum
1295 4627 1403 4677 facinora
1415 4625 1459 4690 sq.
1473 4625 1528 4674 566.

370 4715 395 4774 4)
413 4710 470 4759 Vid.
487 4709 592 4758 Pausan.
614 4709 627 4756 I
646 4710 684 4769 15,
704 4708 725 4755 V
745 4710 785 4759 11.
