3538 5536
353 605 423 656 XXX
879 606 1010 656 VESPAE.

353 773 474 862 Vespae
496 778 571 840 sunt
593 776 696 852 actae,
719 776 775 838 vin
798 771 947 840 credibile
969 773 1097 839 videtur
1115 778 1243 841 tantum
1262 774 1432 843 discrimen
1452 777 1536 841 intra

354 883 491 949 duorum
524 901 680 948 annorum
714 881 855 966 spatium
889 881 975 945 nasci
1004 883 1155 966 potuisse.
1186 881 1271 948 Nam
1300 903 1361 968 quo
1393 888 1536 968 tempore

354 987 431 1057 (lleo
452 989 546 1055 rebus
569 986 609 1053 ad
628 986 846 1073 Sphaoteriam
865 985 954 1051 tarde
972 992 1005 1051 et
1024 992 1208 1055 cunctanter
1226 991 1327 1077 gestis
1345 988 1441 1055 finem
1461 989 1536 1054 fecit

353 1116 415 1182 quo
438 1093 619 1162 celeriorem
638 1114 675 1159 eo
695 1095 802 1158 minus
821 1096 1040 1178 expectatum,
1061 1095 1238 1179 superiores
1258 1100 1348 1159 erant
1364 1094 1535 1160 Athenien·

353 1223 403 1268 sss
433 1222 534 1288 neque
565 1198 700 1265 dubium
721 1199 889 1264 videbatur
912 1201 989 1284 quin
1012 1198 1157 1265 hostibus
1178 1202 1265 1286 pacis
1287 1199 1376 1288 leges
1400 1201 1535 1266 scribere

353 1312 490 1396 possent.
521 1299 673 1372 Nondum
702 1309 809 1372 tamen
839 1304 1080 1371 Lacedaemonii
1109 1304 1342 1391 desponderunt
1373 1309 1535 1384 animum,

353 1416 449 1502 probe
482 1416 569 1480 enim
602 1417 716 1478 norant
748 1413 782 1477 in
810 1414 880 1498 ipsa
909 1412 1108 1478 Athenarum
1138 1413 1217 1479 urbe
1247 1412 1367 1478 multos
1390 1433 1457 1479 esse
1480 1414 1535 1499 qui

352 1520 501 1607 Spartam
525 1517 677 1585 debellari
694 1516 832 1597 nollent,
852 1518 936 1604 qnod
954 1520 1033 1604 ipsis
1052 1517 1176 1585 nullam
1194 1541 1284 1605 spem
1304 1518 1535 1605 rempublicam

352 1625 536 1694 moderandi
565 1625 630 1691 fore
659 1624 898 1712 intellegerent,
931 1626 959 1689 si
982 1625 1173 1691 democratia
1195 1626 1303 1692 Attica
1326 1647 1343 1692 e
1365 1625 1448 1692 bello
1471 1646 1536 1690 ma-

351 1735 466 1800 nifesta
494 1734 612 1799 victrix
641 1729 844 1797 discessisset.
875 1730 986 1816 Itaque
1018 1729 1112 1810 Cleo,
1144 1734 1200 1818 qni
1230 1735 1316 1819 pacis
1339 1733 1535 1799 condiciones

351 1841 545 1928 proponebat
576 1840 747 1904 severiores
778 1859 875 1925 qnam
901 1837 1123 1924 Peloponnesii
1145 1842 1283 1925 accipere
1306 1839 1471 1918 volebant,
1496 1840 1534 1905 ab

352 1971 389 2016 ea
419 1949 560 2014 civitatis
590 1945 791 2012 Atheniensis
821 1951 928 2032 parte,
958 1965 1039 2031 quae
1066 1943 1198 2031 Spartae
1228 1949 1295 2013 sive
1318 1946 1444 2013 favebat
1467 1948 1535 2011 sive

351 2077 413 2122 non
434 2053 549 2120 infesta
571 2057 655 2131 erat,
679 2047 851 2119 voo'abatnr
872 2053 969 2118 homo
988 2050 1211 2131 turbulentus,
1234 2054 1378 2118 rixarum
1396 2051 1534 2138 bellique

352 2163 607 2237 amantissimus,
638 2163 671 2224 et
699 2165 827 2224 mortno
857 2178 981 2243 quoqne
1010 2157 1237 2224 contumeliam
1260 2161 1291 2225 ei
1313 2158 1456 2225 fecerunt
1477 2161 1536 2223 ini-

351 2271 430 2336 mici
461 2272 626 2354 propterea
656 2265 740 2351 quod
771 2301 814 2313 -
844 2270 916 2350 post
945 2263 1144 2350 splendidam
1173 2267 1343 2331 victoriam
1377 2267 1537 2331 reiecisset

351 2395 462 2462 paoem
485 2393 565 2460 qnae
587 2374 707 2458 patriae
730 2391 806 2436 suae
824 2369 953 2435 nullum
971 2369 1229 2436 emolumentum
1247 2376 1331 2436 esset
1350 2370 1486 2437 allatura
1500 2368 1535 2452 1).

396 2481 532 2547 Interim
553 2482 587 2545 in
609 2477 742 2544 Thracia
764 2475 911 2542 Brasidas
932 2479 1066 2542 minime
1089 2498 1220 2565 segnem
1244 2498 1277 2543 se
1299 2480 1475 2564 praestitit,
1504 2483 1536 2544 et

350 2593 423 2655 ante
457 2587 554 2653 finem
587 2586 677 2662 anni,
709 2585 801 2648 cuine
830 2604 905 2649 vere
935 2583 1093 2671 Equitum
1123 2583 1230 2650 fabula
1260 2589 1329 2650 acta
1360 2590 1408 2650 est
1431 2583 1534 2666 (424),

351 2693 500 2763 Graeciae
518 2713 590 2779 pars
609 2689 861 2777 septentrionalis
879 2691 1125 2758 Atheniensibus
1144 2697 1253 2777 erepta
1271 2695 1321 2756 est
1337 2696 1415 2757 tota.
1435 2688 1535 2758 (luins

351 2802 449 2868 cladis
479 2799 571 2886 culpa
600 2797 686 2863 baud
716 2800 832 2884 exigua
863 2819 902 2863 ex
930 2803 1020 2884 parte
1049 2801 1082 2863 in
1113 2796 1334 2884 Thucydidem
1362 2797 1535 2874 redundat,

352 2911 408 2995 qui
436 2903 614 2972 incredibili
640 2907 707 2970 sive
728 2907 851 2970 incuria
874 2907 940 2970 sive
963 2903 1041 2970 belli
1062 2907 1189 2970 inscitia
1209 2926 1282 2970 cum
1305 2903 1398 2970 classi
1421 2925 1478 2969 sua
1499 2905 1534 2968 in

350 3013 491 3079 Thasum
521 3008 677 3088 insulam,
709 3012 762 3075 oui
791 3009 919 3075 nullum
949 3009 1129 3096 periculum
1159 3010 1349 3076 imminebat
1370 3013 1533 3096 poteratne
1635 3037 1639 3044 ·

349 3123 535 3196 imminere,
573 3117 717 3182 discessit
755 3137 792 3182 eo
828 3119 898 3202 ipso
935 3119 1088 3203 temporis
1129 3115 1261 3183 articulo
1291 3137 1354 3202 quo
1388 3114 1533 3182 Brasidas

351 3223 571 3313 Amphipolim
600 3223 798 3308 properabat.
837 3221 921 3302 Quin
949 3225 1082 3310 gravius
1115 3223 1191 3310 quid
1222 3224 1376 3308 suspicari
1405 3227 1532 3287 tantum

351 3355 414 3400 non
445 3333 600 3418 cogn'mur,
632 3330 660 3394 si
688 3335 876 3414 reputamus
899 3350 980 3415 quae
1003 3329 1115 3396 deinde
1138 3329 1221 3397 iacta
1244 3334 1336 3406 sunt;
1360 3350 1435 3394 nam
1458 3349 1533 3395 oum

351 3440 389 3506 ab
412 3435 658 3503 Atheniensibus
681 3435 885 3521 Amphipolis
907 3435 1073 3502 defecisset
1095 3440 1127 3502 et
1146 3433 1222 3503 Cleo
1241 3457 1315 3501 oum
1334 3435 1532 3521 expeditione

347 3544 426 3610 illuc
456 3543 615 3629 profectus
645 3547 743 3620 esset,
768 3545 806 3607 nt
827 3545 941 3608 urbem
964 3542 1073 3621 illam,
1098 3564 1178 3629 quae
1201 3540 1398 3610 Chalcidicos
1421 3545 1534 3609 totius

349 3673 410 3739 qne
433 3649 582 3716 Thraciae
606 3646 704 3714 clavis
727 3653 810 3725 erat,
835 3651 870 3713 in
892 3668 967 3714 suae
990 3651 1129 3714 civitatis
1153 3648 1309 3714 dicionem
1333 3648 1435 3714 denno
1454 3647 1533 3713 redi·

347 3762 455 3846 geret,
487 3754 581 3841 culpa
610 3775 743 3820 suorum
773 3753 918 3820 militnm
947 3754 1065 3820 excidit
1094 3757 1180 3820 ansis
1210 3757 1375 3841 vitamque
1405 3756 1530 3833 amisit;

347 3885 410 3951 pax
434 3865 543 3928 autem
563 3863 734 3946 postquam
757 3859 840 3926 facta
862 3865 927 3939 est,
952 3863 1043 3927 cuius
1067 3860 1263 3927 condiciones
1285 3861 1438 3926 iubebant
1457 3859 1532 3926 Am·

348 3967 505 4057 phipolim
523 3966 770 4033 Atheniensibus
788 3969 934 4045 restitui,
955 3969 1018 4034 viri
1037 3968 1224 4052 optimates,
1245 3969 1302 4052 qui
1320 3972 1393 4052 post
1405 3963 1531 4033 Cleonis

347 4081 486 4144 mortem
507 4076 541 4139 in
564 4075 693 4139 ciuitate
714 4072 905 4139 moderanda
929 4076 1104 4160 superiores
1127 4079 1232 4151 erant,
1256 4071 1380 4138 nnllam
1402 4092 1530 4158 operam

347 4183 501 4250 dederunt
524 4186 562 4246 ut
583 4200 693 4246 revera
716 4182 938 4246 restitueretur
949 4179 986 4262 ⁸).
1010 4179 1121 4266 Itaque
1144 4186 1274 4248 nonest
1297 4179 1471 4246 verendum
1490 4197 1529 4244 ne

347 4289 386 4355 ds
414 4291 472 4368 iis,
503 4287 559 4372 qni
581 4307 600 4353 a
622 4285 799 4352 nobilitatis
821 4287 964 4372 partibus
987 4287 1129 4365 stabant,
1152 4287 1261 4372 inique
1282 4285 1479 4363 indicemus,
1503 4284 1531 4349 si

347 4395 498 4464 Thraciae
520 4393 728 4460 defectionem
749 4395 790 4458 iis
809 4398 951 4479 optatam
970 4393 1120 4460 accidisse
1138 4395 1320 4460 statuimrn.
1343 4391 1404 4458 His
1423 4396 1529 4458 autem

351 4562 520 4581 ’.κιαι-μιν·-

379 4667 404 4732 1)
420 4665 476 4720 Vid.
494 4666 551 4718 Pac.
569 4681 604 4718 rs.
624 4666 681 4719 665.

380 4752 405 4812 2)
422 4749 477 4802 Vid.
495 4749 571 4801 illino.
588 4747 611 4800 V
630 4751 660 4800 Ab
680 4749 716 4815 §8
734 4766 769 4817 eq.
788 4748 845 4804 coll.
863 4749 896 4802 24
913 4747 957 4815 52.
