<?xml version="1.0" encoding="UTF-8"?>
<!DOCTYPE html PUBLIC "-//W3C//DTD XHTML 1.0 Transitional//EN"
    "http://www.w3.org/TR/xhtml1/DTD/xhtml1-transitional.dtd">
<html xmlns="http://www.w3.org/1999/xhtml" xml:lang="en" lang="en">
 <head>
  <title>
</title>
<meta http-equiv="Content-Type" content="text/html;charset=utf-8" />
  <meta name='ocr-system' content='tesseract 3.04.00' />
  <meta name='ocr-capabilities' content='ocr_page ocr_carea ocr_par ocr_line ocrx_word'/>
</head>
<body>
  <div class='ocr_page' id='page_1' title='image "aristophanisves00leeugoog_0060.png"; bbox 0 0 3538 5536; ppageno 0'>
   <div class='ocr_carea' id='block_1_1' title="bbox 773 571 904 618">
    <p class='ocr_par' dir='ltr' id='par_1_1' title="bbox 773 571 904 618">
     <span class='ocr_line' id='line_1_1' title="bbox 773 571 904 618; baseline -0.015 0"><span class='ocrx_word' id='word_1_1' title='bbox 773 571 904 618; x_wconf 80' lang='lat' dir='ltr'><strong>VESPAE.</strong></span> 
     </span>
    </p>
   </div>
   <div class='ocr_carea' id='block_1_2' title="bbox 420 733 1331 1666">
    <p class='ocr_par' dir='ltr' id='par_1_2' title="bbox 424 733 1182 814">
     <span class='ocr_line' id='line_1_2' title="bbox 424 733 1182 814; baseline 0.004 -13"><span class='ocrx_word' id='word_1_2' title='bbox 424 737 497 814; x_wconf 73' lang='grc' dir='ltr'><strong><em>ἡμῖν</em></strong></span> <span class='ocrx_word' id='word_1_3' title='bbox 522 735 585 813; x_wconf 77' lang='grc' dir='ltr'><strong>γάρ</strong></span> <span class='ocrx_word' id='word_1_4' title='bbox 610 736 662 800; x_wconf 85' lang='grc' dir='ltr'><strong>οὐκ</strong></span> <span class='ocrx_word' id='word_1_5' title='bbox 686 733 752 799; x_wconf 81' lang='grc' dir='ltr'><strong>ἔστ’</strong></span> <span class='ocrx_word' id='word_1_6' title='bbox 777 733 847 799; x_wconf 82' lang='grc' dir='ltr'><strong><em>οὔτε</em></strong></span> <span class='ocrx_word' id='word_1_7' title='bbox 872 733 956 812; x_wconf 83' lang='grc' dir='ltr'><strong>κάρν’</strong></span> <span class='ocrx_word' id='word_1_8' title='bbox 983 737 1016 798; x_wconf 82' lang='grc' dir='ltr'><strong>ἐκ</strong></span> <span class='ocrx_word' id='word_1_9' title='bbox 1035 736 1182 814; x_wconf 78' lang='grc' dir='ltr'><strong><em>Φορμίδοο</em></strong></span> 
     </span>
    </p>

    <p class='ocr_par' dir='ltr' id='par_1_3' title="bbox 423 838 1245 920">
     <span class='ocr_line' id='line_1_3' title="bbox 423 838 1245 920; baseline 0.001 -14"><span class='ocrx_word' id='word_1_10' title='bbox 423 842 517 906; x_wconf 83' lang='grc' dir='ltr'><strong><em>δούλα</em></strong></span> <span class='ocrx_word' id='word_1_11' title='bbox 542 841 769 920; x_wconf 70' lang='grc' dir='ltr'><strong><em>διαρριπτοῦντε</em></strong></span> <span class='ocrx_word' id='word_1_12' title='bbox 794 849 856 911; x_wconf 75' lang='grc' dir='ltr'><strong><em>τοῖς</em></strong></span> <span class='ocrx_word' id='word_1_13' title='bbox 882 840 1054 920; x_wconf 74' lang='grc' dir='ltr'><em>θεωμένοις,</em></span> <span class='ocrx_word' id='word_1_14' title='bbox 1244 838 1245 842; x_wconf 39' lang='grc'><strong>“</strong></span> 
     </span>
    </p>

    <p class='ocr_par' dir='ltr' id='par_1_4' title="bbox 422 946 1146 1028">
     <span class='ocr_line' id='line_1_4' title="bbox 422 946 1146 1028; baseline 0 -16"><span class='ocrx_word' id='word_1_15' title='bbox 422 946 481 1012; x_wconf 80' lang='grc' dir='ltr'><strong>οὐθ’</strong></span> <span class='ocrx_word' id='word_1_16' title='bbox 504 947 663 1026; x_wconf 75' lang='grc' dir='ltr'><strong><em>Ἡρακλῆς</em></strong></span> <span class='ocrx_word' id='word_1_17' title='bbox 688 949 721 1011; x_wconf 78' lang='grc' dir='ltr'><strong>τὸ</strong></span> <span class='ocrx_word' id='word_1_18' title='bbox 746 947 864 1013; x_wconf 80' lang='grc' dir='ltr'><strong><em>δεῖπνον</em></strong></span> <span class='ocrx_word' id='word_1_19' title='bbox 888 947 1146 1028; x_wconf 70' lang='grc' dir='ltr'><strong>ἐξαπατώμενος,</strong></span> 
     </span>
    </p>

    <p class='ocr_par' dir='ltr' id='par_1_5' title="bbox 421 1051 1331 1240">
     <span class='ocr_line' id='line_1_5' title="bbox 421 1051 1331 1134; baseline 0.001 -17"><span class='ocrx_word' id='word_1_20' title='bbox 421 1053 485 1118; x_wconf 86' lang='grc' dir='ltr'><strong><em>οὐδ’</em></strong></span> <span class='ocrx_word' id='word_1_21' title='bbox 508 1051 591 1123; x_wconf 74' lang='grc' dir='ltr'><strong><em>αὖθις</em></strong></span> <span class='ocrx_word' id='word_1_22' title='bbox 617 1055 957 1130; x_wconf 59' lang='lat' dir='ltr'><strong>„scameratam</strong></span> <span class='ocrx_word' id='word_1_23' title='bbox 983 1056 1040 1126; x_wconf 80' lang='grc' dir='ltr'><strong>είς</strong></span> <span class='ocrx_word' id='word_1_24' title='bbox 1065 1055 1331 1134; x_wconf 77' lang='grc' dir='ltr'><strong><em>Εὐριπίδην”·</em></strong></span> 
     </span>
     <span class='ocr_line' id='line_1_6' title="bbox 421 1157 1182 1240; baseline -0.001 -16"><span class='ocrx_word' id='word_1_25' title='bbox 421 1157 483 1224; x_wconf 85' lang='grc' dir='ltr'><strong><em>οὐδ’</em></strong></span> <span class='ocrx_word' id='word_1_26' title='bbox 509 1160 534 1223; x_wconf 83' lang='grc' dir='ltr'><strong>εί</strong></span> <span class='ocrx_word' id='word_1_27' title='bbox 560 1158 662 1223; x_wconf 79' lang='grc' dir='ltr'><strong><em>Κλέιιν</em></strong></span> <span class='ocrx_word' id='word_1_28' title='bbox 685 1159 853 1240; x_wconf 78' lang='grc' dir='ltr'><strong><em>ἀνέλαμψε</em></strong></span> <span class='ocrx_word' id='word_1_29' title='bbox 876 1167 931 1231; x_wconf 78' lang='grc' dir='ltr'><strong>τῆς</strong></span> <span class='ocrx_word' id='word_1_30' title='bbox 956 1160 1056 1239; x_wconf 79' lang='grc' dir='ltr'><strong><em>τιίχνρς</em></strong></span> <span class='ocrx_word' id='word_1_31' title='bbox 1080 1161 1182 1240; x_wconf 76' lang='grc' dir='ltr'><strong><em>χάριν,</em></strong></span> 
     </span>
    </p>

    <p class='ocr_par' dir='ltr' id='par_1_6' title="bbox 421 1261 1108 1346">
     <span class='ocr_line' id='line_1_7' title="bbox 421 1261 1108 1346; baseline 0.004 -18"><span class='ocrx_word' id='word_1_32' title='bbox 421 1261 503 1337; x_wconf 81' lang='grc' dir='ltr'><strong><em>αὐθις</em></strong></span> <span class='ocrx_word' id='word_1_33' title='bbox 528 1267 579 1329; x_wconf 79' lang='grc' dir='ltr'><strong>τὸν</strong></span> <span class='ocrx_word' id='word_1_34' title='bbox 603 1265 696 1330; x_wconf 73' lang='grc' dir='ltr'><strong><em>αὐτὸν</em></strong></span> <span class='ocrx_word' id='word_1_35' title='bbox 720 1264 816 1346; x_wconf 86' lang='grc' dir='ltr'><strong><em>ἀνδρα</em></strong></span> <span class='ocrx_word' id='word_1_36' title='bbox 839 1267 1108 1344; x_wconf 72' lang='grc' dir='ltr'><strong><em>μυττωτεύσομεν.</em></strong></span> 
     </span>
    </p>

    <p class='ocr_par' dir='ltr' id='par_1_7' title="bbox 420 1371 1111 1454">
     <span class='ocr_line' id='line_1_8' title="bbox 420 1371 1111 1454; baseline 0.003 -19"><span class='ocrx_word' id='word_1_37' title='bbox 420 1374 494 1436; x_wconf 88' lang='grc' dir='ltr'><strong><em>ἀλλ’</em></strong></span> <span class='ocrx_word' id='word_1_38' title='bbox 519 1371 602 1436; x_wconf 75' lang='grc' dir='ltr'><strong><em>ἔστιν</em></strong></span> <span class='ocrx_word' id='word_1_39' title='bbox 627 1375 700 1449; x_wconf 72' lang='grc' dir='ltr'><strong><em>ἡμῖν</em></strong></span> <span class='ocrx_word' id='word_1_40' title='bbox 724 1373 855 1450; x_wconf 73' lang='grc' dir='ltr'><strong>λογίδιον</strong></span> <span class='ocrx_word' id='word_1_41' title='bbox 879 1375 1003 1450; x_wconf 76' lang='grc' dir='ltr'><strong>γνιίμνρν</strong></span> <span class='ocrx_word' id='word_1_42' title='bbox 1029 1371 1111 1454; x_wconf 78' lang='grc' dir='ltr'><strong><em>ἔχον,</em></strong></span> 
     </span>
    </p>

    <p class='ocr_par' dir='ltr' id='par_1_8' title="bbox 421 1477 1008 1558">
     <span class='ocr_line' id='line_1_9' title="bbox 421 1477 1008 1558; baseline 0.002 -16"><span class='ocrx_word' id='word_1_43' title='bbox 421 1480 503 1554; x_wconf 77' lang='grc' dir='ltr'><strong><em>ἡμῶν</em></strong></span> <span class='ocrx_word' id='word_1_44' title='bbox 526 1480 582 1556; x_wconf 79' lang='grc' dir='ltr'><strong>μὲν</strong></span> <span class='ocrx_word' id='word_1_45' title='bbox 606 1481 707 1544; x_wconf 81' lang='grc' dir='ltr'><strong><em>αὐτῶν</em></strong></span> <span class='ocrx_word' id='word_1_46' title='bbox 730 1479 801 1557; x_wconf 80' lang='grc' dir='ltr'><strong><em>οὐχί</em></strong></span> <span class='ocrx_word' id='word_1_47' title='bbox 827 1477 1008 1558; x_wconf 80' lang='grc' dir='ltr'><strong><em>δεξιώτερον,</em></strong></span> 
     </span>
    </p>

    <p class='ocr_par' dir='ltr' id='par_1_9' title="bbox 421 1584 1010 1666">
     <span class='ocr_line' id='line_1_10' title="bbox 421 1584 1010 1666; baseline 0.002 -17"><span class='ocrx_word' id='word_1_48' title='bbox 421 1585 579 1664; x_wconf 79' lang='grc' dir='ltr'><strong>κωμῳδίαι</strong></span> <span class='ocrx_word' id='word_1_49' title='bbox 605 1584 636 1648; x_wconf 76' lang='grc' dir='ltr'><strong>δὲ</strong></span> <span class='ocrx_word' id='word_1_50' title='bbox 660 1592 806 1663; x_wconf 76' lang='grc' dir='ltr'><strong><em>Φορτιιιῆρ</em></strong></span> <span class='ocrx_word' id='word_1_51' title='bbox 831 1586 1010 1666; x_wconf 76' lang='grc' dir='ltr'><strong><em>σοφώτερον.</em></strong></span> 
     </span>
    </p>
   </div>
   <div class='ocr_carea' id='block_1_3' title="bbox 1240 1729 1432 1739">
    <p class='ocr_par' dir='ltr' id='par_1_10' title="bbox 1240 1729 1432 1739">
     <span class='ocr_line' id='line_1_11' title="bbox 1240 1729 1432 1739; baseline 0.01 -2"><span class='ocrx_word' id='word_1_52' title='bbox 1240 1729 1432 1739; x_wconf 79' lang='lat'>——-—..</span> 
     </span>
    </p>
   </div>
   <div class='ocr_carea' id='block_1_4' title="bbox 240 1787 1432 2103">
    <p class='ocr_par' dir='ltr' id='par_1_11' title="bbox 240 1787 1432 2103">
     <span class='ocr_line' id='line_1_12' title="bbox 275 1787 1432 1857; baseline 0 -16"><span class='ocrx_word' id='word_1_53' title='bbox 275 1793 314 1842; x_wconf 92' lang='grc'><strong>61.</strong></span> <span class='ocrx_word' id='word_1_54' title='bbox 333 1787 413 1857; x_wconf 70' lang='grc' dir='ltr'><strong><em>αὐθις]</em></strong></span> <span class='ocrx_word' id='word_1_55' title='bbox 430 1787 498 1849; x_wconf 77' lang='grc' dir='ltr'><strong><em>αὐθις</em></strong></span> <span class='ocrx_word' id='word_1_56' title='bbox 515 1790 544 1840; x_wconf 80' lang='grc' dir='ltr'><strong>ἀν</strong></span> <span class='ocrx_word' id='word_1_57' title='bbox 562 1792 590 1841; x_wconf 92' lang='lat' dir='ltr'><strong>V.</strong></span> <span class='ocrx_word' id='word_1_58' title='bbox 608 1819 641 1828; x_wconf 91' lang='lat'><em>-</em></span> <span class='ocrx_word' id='word_1_59' title='bbox 658 1791 859 1854; x_wconf 77' lang='grc' dir='ltr'><strong>*ἀοελγανούμεν</strong></span> <span class='ocrx_word' id='word_1_60' title='bbox 877 1791 911 1849; x_wconf 79' lang='grc' dir='ltr'><strong>είς</strong></span> <span class='ocrx_word' id='word_1_61' title='bbox 928 1789 1068 1856; x_wconf 75' lang='grc' dir='ltr'><strong><em>Εὐριπίδην]</em></strong></span> <span class='ocrx_word' id='word_1_62' title='bbox 1086 1791 1327 1854; x_wconf 72' lang='grc' dir='ltr'><strong>ἀνασελγαινόμενος</strong></span> <span class='ocrx_word' id='word_1_63' title='bbox 1336 1791 1432 1854; x_wconf 89' lang='grc' dir='ltr'><strong><em>Εὐριπί-</em></strong></span> 
     </span>
     <span class='ocr_line' id='line_1_13' title="bbox 241 1873 1429 1940; baseline 0 -16"><span class='ocrx_word' id='word_1_64' title='bbox 241 1873 290 1934; x_wconf 79' lang='grc' dir='ltr'><strong><em>διρς.</em></strong></span> <span class='ocrx_word' id='word_1_65' title='bbox 310 1876 417 1924; x_wconf 76' lang='lat' dir='ltr'><strong>Litterae</strong></span> <span class='ocrx_word' id='word_1_66' title='bbox 434 1892 463 1923; x_wconf 87' lang='grc' dir='ltr'><strong>οιν</strong></span> <span class='ocrx_word' id='word_1_67' title='bbox 482 1892 494 1923; x_wconf 93' lang='lat' dir='ltr'><strong>e</strong></span> <span class='ocrx_word' id='word_1_68' title='bbox 512 1875 621 1940; x_wconf 76' lang='lat' dir='ltr'><strong>sequenti</strong></span> <span class='ocrx_word' id='word_1_69' title='bbox 638 1891 708 1923; x_wconf 88' lang='lat' dir='ltr'><strong>versu</strong></span> <span class='ocrx_word' id='word_1_70' title='bbox 724 1875 772 1923; x_wconf 91' lang='lat' dir='ltr'><strong>huo</strong></span> <span class='ocrx_word' id='word_1_71' title='bbox 790 1874 943 1933; x_wconf 86' lang='lat' dir='ltr'><strong>aberrarunt;</strong></span> <span class='ocrx_word' id='word_1_72' title='bbox 968 1875 993 1925; x_wconf 91' lang='lat' dir='ltr'><strong>id</strong></span> <span class='ocrx_word' id='word_1_73' title='bbox 1011 1875 1076 1938; x_wconf 90' lang='lat' dir='ltr'><strong>quod</strong></span> <span class='ocrx_word' id='word_1_74' title='bbox 1094 1875 1190 1924; x_wconf 87' lang='lat' dir='ltr'><strong>restitui</strong></span> <span class='ocrx_word' id='word_1_75' title='bbox 1207 1875 1267 1938; x_wconf 77' lang='lat' dir='ltr'><strong>legit</strong></span> <span class='ocrx_word' id='word_1_76' title='bbox 1284 1875 1429 1936; x_wconf 77' lang='lat' dir='ltr'><strong>scholiasta,</strong></span> 
     </span>
     <span class='ocr_line' id='line_1_14' title="bbox 240 1952 1431 2024; baseline 0 -17"><span class='ocrx_word' id='word_1_77' title='bbox 240 1959 282 2024; x_wconf 91' lang='lat' dir='ltr'><strong>qui</strong></span> <span class='ocrx_word' id='word_1_78' title='bbox 307 1959 357 2007; x_wconf 90' lang='lat' dir='ltr'><strong>suis</strong></span> <span class='ocrx_word' id='word_1_79' title='bbox 383 1952 462 2007; x_wconf 82' lang='lat' dir='ltr'><strong>verbis</strong></span> <span class='ocrx_word' id='word_1_80' title='bbox 488 1958 567 2007; x_wconf 89' lang='lat' dir='ltr'><strong>reddit</strong></span> <span class='ocrx_word' id='word_1_81' title='bbox 590 1959 648 2006; x_wconf 84' lang='grc' dir='ltr'><strong>κατ’</strong></span> <span class='ocrx_word' id='word_1_82' title='bbox 672 1954 802 2018; x_wconf 87' lang='grc' dir='ltr'><strong><em>Εὐριπίδου</em></strong></span> <span class='ocrx_word' id='word_1_83' title='bbox 825 1959 909 2006; x_wconf 65' lang='grc' dir='ltr'><strong>πολλὰ</strong></span> <span class='ocrx_word' id='word_1_84' title='bbox 934 1955 1037 2021; x_wconf 84' lang='grc' dir='ltr'><strong>λέξομεν</strong></span> <span class='ocrx_word' id='word_1_85' title='bbox 1061 1957 1170 2020; x_wconf 72' lang='grc' dir='ltr'><strong><em>ἀσελγῆ.</em></strong></span> <span class='ocrx_word' id='word_1_86' title='bbox 1200 1957 1306 2006; x_wconf 79' lang='lat' dir='ltr'><strong>Dindort&#39;</strong></span> <span class='ocrx_word' id='word_1_87' title='bbox 1329 1959 1431 2007; x_wconf 89' lang='lat' dir='ltr'><strong>coniecit</strong></span> 
     </span>
     <span class='ocr_line' id='line_1_15' title="bbox 242 2037 631 2103; baseline 0 -15"><span class='ocrx_word' id='word_1_88' title='bbox 242 2037 476 2103; x_wconf 77' lang='grc' dir='ltr'><strong>ἐνααελγαινίμενος</strong></span> <span class='ocrx_word' id='word_1_89' title='bbox 493 2037 631 2101; x_wconf 70' lang='grc' dir='ltr'><strong><em>Εὐριπιδης.</em></strong></span> 
     </span>
    </p>
   </div>
   <div class='ocr_carea' id='block_1_5' title="bbox 276 2120 1120 2270">
    <p class='ocr_par' dir='ltr' id='par_1_12' title="bbox 276 2120 1120 2270">
     <span class='ocr_line' id='line_1_16' title="bbox 276 2120 1120 2188; baseline -0.002 -15"><span class='ocrx_word' id='word_1_90' title='bbox 276 2125 315 2173; x_wconf 93' lang='grc'><strong>62.</strong></span> <span class='ocrx_word' id='word_1_91' title='bbox 333 2122 465 2188; x_wconf 73' lang='grc' dir='ltr'><strong>ἀνέλαμψε</strong></span> <span class='ocrx_word' id='word_1_92' title='bbox 482 2123 581 2172; x_wconf 75' lang='lat' dir='ltr'><strong>Richter</strong></span> <span class='ocrx_word' id='word_1_93' title='bbox 599 2129 622 2172; x_wconf 90' lang='lat' dir='ltr'><strong>et</strong></span> <span class='ocrx_word' id='word_1_94' title='bbox 640 2122 728 2187; x_wconf 82' lang='lat' dir='ltr'><strong>Cobet]</strong></span> <span class='ocrx_word' id='word_1_95' title='bbox 745 2120 860 2183; x_wconf 71' lang='grc' dir='ltr'><strong>’ἔλαμψεν</strong></span> <span class='ocrx_word' id='word_1_96' title='bbox 878 2123 907 2182; x_wconf 90' lang='lat' dir='ltr'><strong>R,</strong></span> <span class='ocrx_word' id='word_1_97' title='bbox 925 2123 953 2184; x_wconf 75' lang='grc' dir='ltr'><strong>γ’</strong></span> <span class='ocrx_word' id='word_1_98' title='bbox 970 2120 1073 2183; x_wconf 61' lang='grc' dir='ltr'><strong><em>ἔλαμψε</em></strong></span> <span class='ocrx_word' id='word_1_99' title='bbox 1092 2122 1120 2171; x_wconf 90' lang='lat' dir='ltr'><strong>V.</strong></span> 
     </span>
     <span class='ocr_line' id='line_1_17' title="bbox 278 2202 650 2270; baseline 0 -16"><span class='ocrx_word' id='word_1_100' title='bbox 278 2207 317 2254; x_wconf 82' lang='grc'><strong>65,</strong></span> <span class='ocrx_word' id='word_1_101' title='bbox 334 2204 402 2266; x_wconf 76' lang='grc' dir='ltr'><strong><em>ἡμῶν</em></strong></span> <span class='ocrx_word' id='word_1_102' title='bbox 419 2205 556 2270; x_wconf 86' lang='lat' dir='ltr'><strong>Hamaker]</strong></span> <span class='ocrx_word' id='word_1_103' title='bbox 575 2202 650 2268; x_wconf 71' lang='grc' dir='ltr'><strong><em>ὑμῶν.</em></strong></span> 
     </span>
    </p>
   </div>
   <div class='ocr_carea' id='block_1_6' title="bbox 168 2384 1430 3032">
    <p class='ocr_par' dir='ltr' id='par_1_13' title="bbox 235 2384 1430 2784">
     <span class='ocr_line' id='line_1_18' title="bbox 240 2384 1429 2456; baseline 0.003 -18"><span class='ocrx_word' id='word_1_104' title='bbox 240 2389 300 2446; x_wconf 74' lang='grc' dir='ltr'><strong>τούς</strong></span> <span class='ocrx_word' id='word_1_105' title='bbox 324 2392 379 2447; x_wconf 77' lang='grc' dir='ltr'><strong>νοῦς</strong></span> <span class='ocrx_word' id='word_1_106' title='bbox 401 2387 423 2438; x_wconf 75' lang='grc' dir='ltr'><strong>δ’</strong></span> <span class='ocrx_word' id='word_1_107' title='bbox 441 2389 572 2452; x_wconf 75' lang='grc' dir='ltr'><strong><em>ἀγοραίους</em></strong></span> <span class='ocrx_word' id='word_1_108' title='bbox 596 2384 673 2445; x_wconf 68' lang='grc' dir='ltr'><strong><em>ἧττον</em></strong></span> <span class='ocrx_word' id='word_1_109' title='bbox 693 2387 708 2445; x_wconf 68' lang='grc' dir='ltr'>ἢ</span> <span class='ocrx_word' id='word_1_110' title='bbox 727 2386 814 2445; x_wconf 75' lang='grc' dir='ltr'><strong>ἐκεῖνος</strong></span> <span class='ocrx_word' id='word_1_111' title='bbox 855 2389 903 2438; x_wconf 87' lang='grc'><strong>928</strong></span> <span class='ocrx_word' id='word_1_112' title='bbox 918 2395 942 2438; x_wconf 91' lang='lat' dir='ltr'><strong>et</strong></span> <span class='ocrx_word' id='word_1_113' title='bbox 956 2390 985 2437; x_wconf 93' lang='lat' dir='ltr'><strong>de</strong></span> <span class='ocrx_word' id='word_1_114' title='bbox 1002 2389 1115 2438; x_wconf 89' lang='lat' dir='ltr'><strong>Herculis</strong></span> <span class='ocrx_word' id='word_1_115' title='bbox 1130 2390 1259 2438; x_wconf 86' lang='lat' dir='ltr'><strong>decantata</strong></span> <span class='ocrx_word' id='word_1_116' title='bbox 1268 2390 1312 2438; x_wconf 93' lang='lat' dir='ltr'><strong>illa</strong></span> <span class='ocrx_word' id='word_1_117' title='bbox 1322 2391 1429 2456; x_wconf 81' lang='lat' dir='ltr'><strong>ingluvie</strong></span> 
     </span>
     <span class='ocr_line' id='line_1_19' title="bbox 240 2470 1430 2537; baseline 0.003 -17"><span class='ocrx_word' id='word_1_118' title='bbox 240 2475 315 2528; x_wconf 69' lang='grc' dir='ltr'><strong><em>ποιῶ,</em></strong></span> <span class='ocrx_word' id='word_1_119' title='bbox 334 2473 422 2521; x_wconf 88' lang='lat' dir='ltr'><strong>idest:</strong></span> <span class='ocrx_word' id='word_1_120' title='bbox 438 2471 815 2534; x_wconf 75' lang='lat' dir='ltr'><strong>aeilieet„cerbaliaEuripidee&#39;a</strong></span> <span class='ocrx_word' id='word_1_121' title='bbox 854 2473 900 2520; x_wconf 84' lang='lat' dir='ltr'><strong>Av.</strong></span> <span class='ocrx_word' id='word_1_122' title='bbox 921 2472 985 2520; x_wconf 87' lang='grc'>1603</span> <span class='ocrx_word' id='word_1_123' title='bbox 995 2488 1053 2537; x_wconf 85' lang='lat' dir='ltr'><strong>sqq,</strong></span> <span class='ocrx_word' id='word_1_124' title='bbox 1073 2471 1130 2520; x_wconf 91' lang='lat' dir='ltr'><strong>Eur.</strong></span> <span class='ocrx_word' id='word_1_125' title='bbox 1148 2473 1200 2520; x_wconf 89' lang='lat' dir='ltr'><strong>Alc.</strong></span> <span class='ocrx_word' id='word_1_126' title='bbox 1220 2470 1268 2523; x_wconf 89' lang='grc'><strong>747</strong></span> <span class='ocrx_word' id='word_1_127' title='bbox 1277 2489 1337 2537; x_wconf 70' lang='lat' dir='ltr'><strong>sqq„</strong></span> <span class='ocrx_word' id='word_1_128' title='bbox 1355 2473 1430 2523; x_wconf 82' lang='lat' dir='ltr'><strong>Theo-</strong></span> 
     </span>
     <span class='ocr_line' id='line_1_20' title="bbox 235 2553 1430 2618; baseline 0 -14"><span class='ocrx_word' id='word_1_129' title='bbox 235 2555 349 2617; x_wconf 79' lang='lat' dir='ltr'><strong>parcor&#39;&#39;‚</strong></span> <span class='ocrx_word' id='word_1_130' title='bbox 374 2559 401 2602; x_wconf 79' lang='lat' dir='ltr'><strong>ut</strong></span> <span class='ocrx_word' id='word_1_131' title='bbox 426 2555 489 2602; x_wconf 78' lang='grc' dir='ltr'><strong><em>ἀνόοίί</em></strong></span> <span class='ocrx_word' id='word_1_132' title='bbox 514 2554 593 2602; x_wconf 71' lang='lat' dir='ltr'><strong>aeaeae</strong></span> <span class='ocrx_word' id='word_1_133' title='bbox 619 2553 670 2616; x_wconf 79' lang='lat' dir='ltr'><strong>quia</strong></span> <span class='ocrx_word' id='word_1_134' title='bbox 698 2553 814 2618; x_wconf 89' lang='lat' dir='ltr'><strong>(Eupolin</strong></span> <span class='ocrx_word' id='word_1_135' title='bbox 854 2555 906 2603; x_wconf 88' lang='lat' dir='ltr'><strong>crit.</strong></span> <span class='ocrx_word' id='word_1_136' title='bbox 925 2553 1004 2602; x_wconf 86' lang='lat' dir='ltr'>XXIV</span> <span class='ocrx_word' id='word_1_137' title='bbox 1023 2555 1070 2602; x_wconf 80' lang='lat'><strong>135</strong></span> <span class='ocrx_word' id='word_1_138' title='bbox 1080 2557 1141 2618; x_wconf 86' lang='lat' dir='ltr'><strong>sqq.)</strong></span> <span class='ocrx_word' id='word_1_139' title='bbox 1157 2581 1191 2592; x_wconf 88' lang='lat'><strong>—-</strong></span> <span class='ocrx_word' id='word_1_140' title='bbox 1207 2553 1333 2603; x_wconf 87' lang='lat' dir='ltr'><strong>Similihus</strong></span> <span class='ocrx_word' id='word_1_141' title='bbox 1351 2557 1430 2605; x_wconf 88' lang='lat' dir='ltr'><strong>convi-</strong></span> 
     </span>
     <span class='ocr_line' id='line_1_21' title="bbox 237 2636 1429 2702; baseline 0.001 -17"><span class='ocrx_word' id='word_1_142' title='bbox 237 2639 317 2701; x_wconf 89' lang='lat' dir='ltr'><strong>puta);</strong></span> <span class='ocrx_word' id='word_1_143' title='bbox 426 2641 456 2684; x_wconf 77' lang='lat' dir='ltr'><strong>at</strong></span> <span class='ocrx_word' id='word_1_144' title='bbox 480 2636 582 2684; x_wconf 78' lang='grc' dir='ltr'><strong><em>ἰαυιαίίι</em></strong></span> <span class='ocrx_word' id='word_1_145' title='bbox 607 2639 662 2684; x_wconf 80' lang='lat' dir='ltr'><strong>uter</strong></span> <span class='ocrx_word' id='word_1_146' title='bbox 691 2636 814 2699; x_wconf 76' lang='grc' dir='ltr'><strong><em>αίίραοιιοίιι</em></strong></span> <span class='ocrx_word' id='word_1_147' title='bbox 854 2637 897 2698; x_wconf 88' lang='lat' dir='ltr'><strong>ciis</strong></span> <span class='ocrx_word' id='word_1_148' title='bbox 912 2638 1016 2686; x_wconf 90' lang='lat' dir='ltr'><strong>comicus</strong></span> <span class='ocrx_word' id='word_1_149' title='bbox 1032 2637 1139 2694; x_wconf 83' lang='lat' dir='ltr'><strong>aemulos</strong></span> <span class='ocrx_word' id='word_1_150' title='bbox 1154 2653 1209 2686; x_wconf 90' lang='lat' dir='ltr'><strong>suos</strong></span> <span class='ocrx_word' id='word_1_151' title='bbox 1224 2637 1345 2702; x_wconf 79' lang='lat' dir='ltr'><strong>carpitus.</strong></span> <span class='ocrx_word' id='word_1_152' title='bbox 1356 2639 1429 2699; x_wconf 84' lang='grc'>1626,</span> 
     </span>
     <span class='ocr_line' id='line_1_22' title="bbox 237 2717 1397 2784; baseline 0.003 -18"><span class='ocrx_word' id='word_1_153' title='bbox 237 2719 312 2783; x_wconf 74' lang='grc' dir='ltr'><strong><em>υιαρίο</em></strong></span> <span class='ocrx_word' id='word_1_154' title='bbox 330 2719 427 2766; x_wconf 72' lang='lat' dir='ltr'><strong>urbanis</strong></span> <span class='ocrx_word' id='word_1_155' title='bbox 445 2735 513 2782; x_wconf 83' lang='lat' dir='ltr'><strong>quam</strong></span> <span class='ocrx_word' id='word_1_156' title='bbox 531 2718 643 2782; x_wconf 76' lang='grc' dir='ltr'><strong><em>ίναρίοαν.</em></strong></span> <span class='ocrx_word' id='word_1_157' title='bbox 660 2746 695 2754; x_wconf 91' lang='grc'>-</span> <span class='ocrx_word' id='word_1_158' title='bbox 712 2717 813 2782; x_wconf 78' lang='lat' dir='ltr'><strong>Eupolis</strong></span> <span class='ocrx_word' id='word_1_159' title='bbox 854 2719 918 2768; x_wconf 91' lang='lat' dir='ltr'><strong>Nuh.</strong></span> <span class='ocrx_word' id='word_1_160' title='bbox 935 2720 1051 2784; x_wconf 76' lang='lat' dir='ltr'><strong>desqq.,</strong></span> <span class='ocrx_word' id='word_1_161' title='bbox 1068 2719 1125 2768; x_wconf 82' lang='lat' dir='ltr'><strong>Pac.</strong></span> <span class='ocrx_word' id='word_1_162' title='bbox 1144 2718 1191 2770; x_wconf 89' lang='grc'><strong>746</strong></span> <span class='ocrx_word' id='word_1_163' title='bbox 1201 2735 1261 2784; x_wconf 66' lang='lat' dir='ltr'><strong>sqq„</strong></span> <span class='ocrx_word' id='word_1_164' title='bbox 1277 2719 1339 2769; x_wconf 85' lang='lat' dir='ltr'><strong>Rau.</strong></span> <span class='ocrx_word' id='word_1_165' title='bbox 1358 2722 1397 2770; x_wconf 93' lang='grc'><strong>14.</strong></span> 
     </span>
    </p>

    <p class='ocr_par' dir='ltr' id='par_1_14' title="bbox 168 2799 1430 3032">
     <span class='ocr_line' id='line_1_23' title="bbox 237 2799 1429 2868; baseline 0.003 -20"><span class='ocrx_word' id='word_1_166' title='bbox 237 2801 312 2865; x_wconf 85' lang='lat' dir='ltr'><strong>igitur</strong></span> <span class='ocrx_word' id='word_1_167' title='bbox 334 2800 504 2864; x_wconf 83' lang='lat' dir='ltr'><strong>Aristophanis</strong></span> <span class='ocrx_word' id='word_1_168' title='bbox 525 2801 605 2848; x_wconf 92' lang='lat' dir='ltr'><strong>iocum</strong></span> <span class='ocrx_word' id='word_1_169' title='bbox 623 2800 730 2864; x_wconf 86' lang='lat' dir='ltr'><strong>aliquem</strong></span> <span class='ocrx_word' id='word_1_170' title='bbox 747 2817 815 2849; x_wconf 85' lang='lat' dir='ltr'><strong>voca·</strong></span> <span class='ocrx_word' id='word_1_171' title='bbox 888 2801 927 2849; x_wconf 92' lang='grc'><strong>61.</strong></span> <span class='ocrx_word' id='word_1_172' title='bbox 950 2800 1138 2864; x_wconf 78' lang='grc' dir='ltr'><strong>ἀπτλγανούμεν</strong></span> <span class='ocrx_word' id='word_1_173' title='bbox 1161 2800 1194 2858; x_wconf 73' lang='grc' dir='ltr'><strong>τίς</strong></span> <span class='ocrx_word' id='word_1_174' title='bbox 1212 2799 1352 2868; x_wconf 71' lang='grc' dir='ltr'><strong><em>Εὐριπίδην]</em></strong></span> <span class='ocrx_word' id='word_1_175' title='bbox 1369 2804 1429 2852; x_wconf 89' lang='lat' dir='ltr'><strong>haec</strong></span> 
     </span>
     <span class='ocr_line' id='line_1_24' title="bbox 168 2875 1430 2949; baseline 0.003 -18"><span class='ocrx_word' id='word_1_176' title='bbox 168 2875 171 2880; x_wconf 47' lang='grc'><strong>”</strong></span> <span class='ocrx_word' id='word_1_177' title='bbox 238 2889 305 2932; x_wconf 89' lang='lat' dir='ltr'><strong>verat</strong></span> <span class='ocrx_word' id='word_1_178' title='bbox 332 2883 406 2931; x_wconf 73' lang='lat' dir='ltr'><strong>risum</strong></span> <span class='ocrx_word' id='word_1_179' title='bbox 432 2883 541 2946; x_wconf 73' lang='lat' dir='ltr'><strong>Meqaric</strong></span> <span class='ocrx_word' id='word_1_180' title='bbox 569 2883 685 2946; x_wconf 78' lang='lat' dir='ltr'><strong>petitum,</strong></span> <span class='ocrx_word' id='word_1_181' title='bbox 715 2882 813 2932; x_wconf 84' lang='lat' dir='ltr'><strong>fabulae</strong></span> <span class='ocrx_word' id='word_1_182' title='bbox 854 2900 948 2948; x_wconf 85' lang='lat' dir='ltr'><strong>quoque</strong></span> <span class='ocrx_word' id='word_1_183' title='bbox 966 2901 1014 2933; x_wconf 92' lang='lat' dir='ltr'><strong>non</strong></span> <span class='ocrx_word' id='word_1_184' title='bbox 1030 2885 1106 2949; x_wconf 88' lang='lat' dir='ltr'><strong>ipsius</strong></span> <span class='ocrx_word' id='word_1_185' title='bbox 1124 2883 1187 2932; x_wconf 88' lang='lat' dir='ltr'><strong>servi</strong></span> <span class='ocrx_word' id='word_1_186' title='bbox 1204 2890 1260 2932; x_wconf 89' lang='lat' dir='ltr'><strong>sunt</strong></span> <span class='ocrx_word' id='word_1_187' title='bbox 1277 2886 1350 2934; x_wconf 86' lang='lat' dir='ltr'><strong>verba</strong></span> <span class='ocrx_word' id='word_1_188' title='bbox 1365 2887 1430 2936; x_wconf 84' lang='lat' dir='ltr'><strong>Aris-</strong></span> 
     </span>
     <span class='ocr_line' id='line_1_25' title="bbox 238 2965 1428 3032; baseline 0.003 -18"><span class='ocrx_word' id='word_1_189' title='bbox 238 2965 429 3014; x_wconf 79' lang='lat' dir='ltr'><strong>Acharnensium</strong></span> <span class='ocrx_word' id='word_1_190' title='bbox 446 2971 555 3029; x_wconf 89' lang='lat' dir='ltr'><strong>partem,</strong></span> <span class='ocrx_word' id='word_1_191' title='bbox 572 2966 597 3013; x_wconf 89' lang='lat' dir='ltr'><strong>in</strong></span> <span class='ocrx_word' id='word_1_192' title='bbox 616 2982 663 3029; x_wconf 89' lang='lat' dir='ltr'><strong>qua</strong></span> <span class='ocrx_word' id='word_1_193' title='bbox 676 2967 748 3014; x_wconf 92' lang='lat' dir='ltr'><strong>homo</strong></span> <span class='ocrx_word' id='word_1_194' title='bbox 763 2965 814 3014; x_wconf 93' lang='lat' dir='ltr'><strong>Me·</strong></span> <span class='ocrx_word' id='word_1_195' title='bbox 852 2967 966 3032; x_wconf 86' lang='lat' dir='ltr'><strong>tophanis</strong></span> <span class='ocrx_word' id='word_1_196' title='bbox 984 2967 1081 3015; x_wconf 85' lang='lat' dir='ltr'><strong>nomine</strong></span> <span class='ocrx_word' id='word_1_197' title='bbox 1098 2966 1207 3030; x_wconf 88' lang='lat' dir='ltr'><strong>prolata,</strong></span> <span class='ocrx_word' id='word_1_198' title='bbox 1230 2966 1272 3014; x_wconf 90' lang='lat' dir='ltr'><strong>sed</strong></span> <span class='ocrx_word' id='word_1_199' title='bbox 1289 2968 1387 3016; x_wconf 84' lang='lat' dir='ltr'><strong>affertur</strong></span> <span class='ocrx_word' id='word_1_200' title='bbox 1403 2969 1428 3017; x_wconf 92' lang='lat' dir='ltr'><strong>id</strong></span> 
     </span>
    </p>
   </div>
   <div class='ocr_carea' id='block_1_7' title="bbox 237 3048 1501 3114">
    <p class='ocr_par' dir='ltr' id='par_1_15' title="bbox 237 3048 1501 3114">
     <span class='ocr_line' id='line_1_26' title="bbox 237 3048 1501 3114; baseline 0.002 -18"><span class='ocrx_word' id='word_1_201' title='bbox 237 3048 342 3112; x_wconf 83' lang='lat' dir='ltr'><strong>garensis</strong></span> <span class='ocrx_word' id='word_1_202' title='bbox 366 3064 421 3096; x_wconf 90' lang='lat' dir='ltr'><strong>cum</strong></span> <span class='ocrx_word' id='word_1_203' title='bbox 444 3048 541 3097; x_wconf 87' lang='lat' dir='ltr'><strong>filiabus</strong></span> <span class='ocrx_word' id='word_1_204' title='bbox 564 3048 814 3112; x_wconf 89' lang='lat' dir='ltr'><strong>loquensinducitur,</strong></span> <span class='ocrx_word' id='word_1_205' title='bbox 854 3050 917 3114; x_wconf 92' lang='lat' dir='ltr'><strong>quod</strong></span> <span class='ocrx_word' id='word_1_206' title='bbox 927 3048 1101 3098; x_wconf 88' lang='lat' dir='ltr'><strong>contumeliose</strong></span> <span class='ocrx_word' id='word_1_207' title='bbox 1110 3049 1241 3097; x_wconf 88' lang='lat' dir='ltr'><strong>admodum</strong></span> <span class='ocrx_word' id='word_1_208' title='bbox 1250 3064 1327 3112; x_wconf 91' lang='lat' dir='ltr'><strong>nuper</strong></span> <span class='ocrx_word' id='word_1_209' title='bbox 1335 3050 1429 3100; x_wconf 84' lang='lat' dir='ltr'><strong>dixerat</strong></span> <span class='ocrx_word' id='word_1_210' title='bbox 1499 3071 1501 3098; x_wconf 67' lang='grc' dir='ltr'><strong><em>ι</em></strong></span> 
     </span>
    </p>
   </div>
   <div class='ocr_carea' id='block_1_8' title="bbox 231 3129 1495 4758">
    <p class='ocr_par' dir='ltr' id='par_1_16' title="bbox 231 3129 1495 4758">
     <span class='ocr_line' id='line_1_27' title="bbox 236 3129 1428 3197; baseline 0.003 -19"><span class='ocrx_word' id='word_1_211' title='bbox 236 3131 409 3179; x_wconf 87' lang='lat' dir='ltr'><strong>contumeliose</strong></span> <span class='ocrx_word' id='word_1_212' title='bbox 438 3131 473 3179; x_wconf 90' lang='lat' dir='ltr'><strong>ita</strong></span> <span class='ocrx_word' id='word_1_213' title='bbox 500 3131 651 3195; x_wconf 85' lang='lat' dir='ltr'><strong>significans,</strong></span> <span class='ocrx_word' id='word_1_214' title='bbox 681 3132 707 3179; x_wconf 93' lang='lat' dir='ltr'><strong>ni</strong></span> <span class='ocrx_word' id='word_1_215' title='bbox 732 3131 813 3180; x_wconf 83' lang='lat' dir='ltr'><strong>fallor.</strong></span> <span class='ocrx_word' id='word_1_216' title='bbox 854 3132 968 3196; x_wconf 79' lang='lat' dir='ltr'><strong>Eupolis,</strong></span> <span class='ocrx_word' id='word_1_217' title='bbox 987 3131 1190 3194; x_wconf 76' lang='lat' dir='ltr'><strong>„Aristophanem</strong></span> <span class='ocrx_word' id='word_1_218' title='bbox 1208 3129 1320 3197; x_wconf 90' lang='lat' dir='ltr'><strong>Euripidi</strong></span> <span class='ocrx_word' id='word_1_219' title='bbox 1340 3133 1428 3181; x_wconf 87' lang='lat' dir='ltr'><strong>rustice</strong></span> 
     </span>
     <span class='ocr_line' id='line_1_28' title="bbox 237 3212 1428 3278; baseline 0.003 -18"><span class='ocrx_word' id='word_1_220' title='bbox 237 3213 331 3261; x_wconf 89' lang='lat' dir='ltr'><strong>Similia</strong></span> <span class='ocrx_word' id='word_1_221' title='bbox 362 3212 490 3277; x_wconf 74' lang='lat' dir='ltr'><strong>Eupolidis</strong></span> <span class='ocrx_word' id='word_1_222' title='bbox 522 3214 595 3262; x_wconf 87' lang='lat' dir='ltr'><strong>verba</strong></span> <span class='ocrx_word' id='word_1_223' title='bbox 629 3231 641 3261; x_wconf 91' lang='lat' dir='ltr'><strong>e</strong></span> <span class='ocrx_word' id='word_1_224' title='bbox 668 3214 813 3278; x_wconf 89' lang='lat' dir='ltr'><strong>Prospaltiis</strong></span> <span class='ocrx_word' id='word_1_225' title='bbox 853 3221 877 3265; x_wconf 94' lang='lat' dir='ltr'><strong>et</strong></span> <span class='ocrx_word' id='word_1_226' title='bbox 902 3214 1055 3278; x_wconf 89' lang='lat' dir='ltr'><strong>impudenter</strong></span> <span class='ocrx_word' id='word_1_227' title='bbox 1080 3213 1211 3272; x_wconf 88' lang='lat' dir='ltr'><strong>illusisse’&#39;,</strong></span> <span class='ocrx_word' id='word_1_228' title='bbox 1237 3214 1428 3264; x_wconf 85' lang='lat' dir='ltr'><strong>Acharnensium</strong></span> 
     </span>
     <span class='ocr_line' id='line_1_29' title="bbox 235 3293 1495 3360; baseline 0.002 -17"><span class='ocrx_word' id='word_1_229' title='bbox 235 3296 273 3357; x_wconf 78' lang='lat' dir='ltr'><strong>(fr.</strong></span> <span class='ocrx_word' id='word_1_230' title='bbox 285 3295 342 3356; x_wconf 89' lang='grc'>244)</span> <span class='ocrx_word' id='word_1_231' title='bbox 358 3297 491 3344; x_wconf 83' lang='lat' dir='ltr'><strong>afferuntur</strong></span> <span class='ocrx_word' id='word_1_232' title='bbox 505 3295 531 3343; x_wconf 89' lang='lat' dir='ltr'><strong>in</strong></span> <span class='ocrx_word' id='word_1_233' title='bbox 546 3295 650 3344; x_wconf 89' lang='lat' dir='ltr'><strong>scholio:</strong></span> <span class='ocrx_word' id='word_1_234' title='bbox 668 3293 812 3356; x_wconf 74' lang='grc' dir='ltr'><strong>Ἡράκλεις,</strong></span> <span class='ocrx_word' id='word_1_235' title='bbox 852 3297 963 3346; x_wconf 84' lang='lat' dir='ltr'><strong>fabulam</strong></span> <span class='ocrx_word' id='word_1_236' title='bbox 980 3301 1104 3360; x_wconf 81' lang='lat' dir='ltr'><strong>spectans,</strong></span> <span class='ocrx_word' id='word_1_237' title='bbox 1123 3295 1217 3359; x_wconf 90' lang='lat' dir='ltr'><strong>opinor.</strong></span> <span class='ocrx_word' id='word_1_238' title='bbox 1234 3296 1368 3345; x_wconf 88' lang='lat' dir='ltr'><strong>Videantur</strong></span> <span class='ocrx_word' id='word_1_239' title='bbox 1382 3297 1429 3346; x_wconf 90' lang='lat' dir='ltr'><strong>Eu·</strong></span> <span class='ocrx_word' id='word_1_240' title='bbox 1492 3330 1495 3337; x_wconf 86' lang='lat'><em>-</em></span> 
     </span>
     <span class='ocr_line' id='line_1_30' title="bbox 237 3365 1429 3444; baseline 0.004 -21"><span class='ocrx_word' id='word_1_241' title='bbox 237 3367 308 3424; x_wconf 69' lang='grc' dir='ltr'><strong>τούτ4</strong></span> <span class='ocrx_word' id='word_1_242' title='bbox 326 3374 384 3424; x_wconf 74' lang='grc' dir='ltr'><strong><em>’ἐστι</em></strong></span> <span class='ocrx_word' id='word_1_243' title='bbox 403 3394 441 3425; x_wconf 84' lang='grc' dir='ltr'><strong>τοι</strong></span> <span class='ocrx_word' id='word_1_244' title='bbox 457 3375 461 3444; x_wconf 71' lang='lat' dir='ltr'><strong>l</strong></span> <span class='ocrx_word' id='word_1_245' title='bbox 477 3378 506 3424; x_wconf 86' lang='grc' dir='ltr'><strong>τδ</strong></span> <span class='ocrx_word' id='word_1_246' title='bbox 524 3377 625 3436; x_wconf 80' lang='grc' dir='ltr'><strong>ταῶμμ’</strong></span> <span class='ocrx_word' id='word_1_247' title='bbox 643 3376 753 3438; x_wconf 77' lang='grc' dir='ltr'><strong><em>ἀσελγὲς</em></strong></span> <span class='ocrx_word' id='word_1_248' title='bbox 771 3365 819 3424; x_wconf 77' lang='grc' dir='ltr'><strong>καί</strong></span> <span class='ocrx_word' id='word_1_249' title='bbox 852 3380 941 3444; x_wconf 91' lang='lat' dir='ltr'><strong>polidis</strong></span> <span class='ocrx_word' id='word_1_250' title='bbox 960 3379 1033 3426; x_wconf 88' lang='lat' dir='ltr'><strong>verbs</strong></span> <span class='ocrx_word' id='word_1_251' title='bbox 1051 3378 1082 3426; x_wconf 86' lang='lat' dir='ltr'><strong>ud</strong></span> <span class='ocrx_word' id='word_1_252' title='bbox 1099 3393 1134 3425; x_wconf 90' lang='lat' dir='ltr'><strong>vs.</strong></span> <span class='ocrx_word' id='word_1_253' title='bbox 1155 3376 1184 3427; x_wconf 80' lang='lat'><strong>57</strong></span> <span class='ocrx_word' id='word_1_254' title='bbox 1204 3394 1216 3425; x_wconf 94' lang='lat' dir='ltr'><strong>e</strong></span> <span class='ocrx_word' id='word_1_255' title='bbox 1233 3377 1378 3444; x_wconf 88' lang='lat' dir='ltr'><strong>Prospaltiis</strong></span> <span class='ocrx_word' id='word_1_256' title='bbox 1395 3380 1429 3428; x_wconf 89' lang='lat' dir='ltr'><strong>al-</strong></span> 
     </span>
     <span class='ocr_line' id='line_1_31' title="bbox 236 3453 1328 3526; baseline 0.003 -20"><span class='ocrx_word' id='word_1_257' title='bbox 236 3459 373 3521; x_wconf 78' lang='grc' dir='ltr'><strong><em>Μεγαρικδν</em></strong></span> <span class='ocrx_word' id='word_1_258' title='bbox 399 3458 442 3506; x_wconf 74' lang='grc' dir='ltr'><strong>καί</strong></span> <span class='ocrx_word' id='word_1_259' title='bbox 464 3457 558 3520; x_wconf 79' lang='grc' dir='ltr'><strong><em>σφόδρα</em></strong></span> <span class='ocrx_word' id='word_1_260' title='bbox 582 3457 586 3525; x_wconf 70' lang='lat' dir='ltr'><strong>l</strong></span> <span class='ocrx_word' id='word_1_261' title='bbox 610 3457 718 3521; x_wconf 80' lang='grc' dir='ltr'><strong><em>ψυχρόν·</em></strong></span> <span class='ocrx_word' id='word_1_262' title='bbox 745 3462 812 3523; x_wconf 69' lang='grc' dir='ltr'><strong>γελᾷ</strong></span> <span class='ocrx_word' id='word_1_263' title='bbox 851 3462 917 3520; x_wconf 88' lang='lat' dir='ltr'><strong>lata,</strong></span> <span class='ocrx_word' id='word_1_264' title='bbox 934 3466 959 3509; x_wconf 91' lang='lat' dir='ltr'><strong>et</strong></span> <span class='ocrx_word' id='word_1_265' title='bbox 975 3459 1063 3526; x_wconf 85' lang='lat' dir='ltr'><strong>Eupol.</strong></span> <span class='ocrx_word' id='word_1_266' title='bbox 1082 3461 1110 3508; x_wconf 88' lang='lat' dir='ltr'><strong>fr.</strong></span> <span class='ocrx_word' id='word_1_267' title='bbox 1131 3460 1209 3508; x_wconf 65' lang='grc' dir='ltr'><strong>169ιε</strong></span> <span class='ocrx_word' id='word_1_268' title='bbox 1231 3453 1255 3509; x_wconf 87' lang='lat' dir='ltr'><strong>et</strong></span> <span class='ocrx_word' id='word_1_269' title='bbox 1272 3461 1328 3510; x_wconf 83' lang='grc'>320.</span> 
     </span>
     <span class='ocr_line' id='line_1_32' title="bbox 235 3538 1229 3606; baseline 0.003 -19"><span class='ocrx_word' id='word_1_270' title='bbox 235 3538 296 3603; x_wconf 74' lang='grc' dir='ltr'><strong>γάρ,</strong></span> <span class='ocrx_word' id='word_1_271' title='bbox 315 3539 347 3596; x_wconf 77' lang='grc' dir='ltr'><strong>ὡς</strong></span> <span class='ocrx_word' id='word_1_272' title='bbox 364 3539 433 3605; x_wconf 70' lang='grc' dir='ltr'><strong><em>δρᾷς,</em></strong></span> <span class='ocrx_word' id='word_1_273' title='bbox 452 3541 486 3588; x_wconf 75' lang='grc' dir='ltr'><strong>τα</strong></span> <span class='ocrx_word' id='word_1_274' title='bbox 505 3538 606 3596; x_wconf 87' lang='grc' dir='ltr'><strong><em>παιδία,</em></strong></span> <span class='ocrx_word' id='word_1_275' title='bbox 624 3557 670 3605; x_wconf 91' lang='lat' dir='ltr'><strong>quo</strong></span> <span class='ocrx_word' id='word_1_276' title='bbox 685 3542 739 3589; x_wconf 90' lang='lat' dir='ltr'><strong>loco</strong></span> <span class='ocrx_word' id='word_1_277' title='bbox 754 3541 812 3606; x_wconf 92' lang='lat' dir='ltr'><strong>quin</strong></span> <span class='ocrx_word' id='word_1_278' title='bbox 886 3544 926 3591; x_wconf 90' lang='grc'><strong>62,</strong></span> <span class='ocrx_word' id='word_1_279' title='bbox 944 3540 1089 3606; x_wconf 72' lang='grc' dir='ltr'><strong><em>ἀνέλαμψε]</em></strong></span> <span class='ocrx_word' id='word_1_280' title='bbox 1107 3542 1229 3590; x_wconf 77' lang='lat' dir='ltr'><strong>inclaruit.</strong></span> 
     </span>
     <span class='ocr_line' id='line_1_33' title="bbox 235 3621 1428 3690; baseline 0.003 -19"><span class='ocrx_word' id='word_1_281' title='bbox 235 3623 293 3671; x_wconf 90' lang='lat' dir='ltr'><strong>item</strong></span> <span class='ocrx_word' id='word_1_282' title='bbox 320 3628 417 3687; x_wconf 91' lang='lat' dir='ltr'><strong>petatur</strong></span> <span class='ocrx_word' id='word_1_283' title='bbox 442 3623 616 3686; x_wconf 79' lang='lat' dir='ltr'><strong>Aristophanes</strong></span> <span class='ocrx_word' id='word_1_284' title='bbox 642 3640 689 3671; x_wconf 94' lang='lat' dir='ltr'><strong>non</strong></span> <span class='ocrx_word' id='word_1_285' title='bbox 712 3623 812 3683; x_wconf 81' lang='lat' dir='ltr'><strong>dubito,</strong></span> <span class='ocrx_word' id='word_1_286' title='bbox 886 3626 926 3674; x_wconf 85' lang='grc'><strong>63.</strong></span> <span class='ocrx_word' id='word_1_287' title='bbox 935 3621 1160 3688; x_wconf 83' lang='grc' dir='ltr'><strong>μυττωτεύτομεν]</strong></span> <span class='ocrx_word' id='word_1_288' title='bbox 1171 3629 1297 3684; x_wconf 57' lang='lat' dir='ltr'><strong>cocleare,</strong></span> <span class='ocrx_word' id='word_1_289' title='bbox 1308 3627 1428 3690; x_wconf 76' lang='lat' dir='ltr'><strong>conficere,</strong></span> 
     </span>
     <span class='ocr_line' id='line_1_34' title="bbox 234 3705 1427 3771; baseline 0.002 -18"><span class='ocrx_word' id='word_1_290' title='bbox 234 3705 274 3753; x_wconf 89' lang='lat' dir='ltr'><strong>hic</strong></span> <span class='ocrx_word' id='word_1_291' title='bbox 293 3710 375 3754; x_wconf 89' lang='lat' dir='ltr'><strong>autem</strong></span> <span class='ocrx_word' id='word_1_292' title='bbox 392 3705 521 3768; x_wconf 88' lang='lat' dir='ltr'><strong>respondet</strong></span> <span class='ocrx_word' id='word_1_293' title='bbox 538 3705 602 3754; x_wconf 83' lang='lat' dir='ltr'><strong>Nub</strong></span> <span class='ocrx_word' id='word_1_294' title='bbox 620 3722 654 3754; x_wconf 83' lang='lat' dir='ltr'><strong>vs.</strong></span> <span class='ocrx_word' id='word_1_295' title='bbox 670 3706 716 3754; x_wconf 83' lang='grc'><strong>639</strong></span> <span class='ocrx_word' id='word_1_296' title='bbox 726 3722 777 3770; x_wconf 89' lang='lat' dir='ltr'><strong>sqq.</strong></span> <span class='ocrx_word' id='word_1_297' title='bbox 851 3708 876 3757; x_wconf 91' lang='lat' dir='ltr'><strong>in</strong></span> <span class='ocrx_word' id='word_1_298' title='bbox 892 3707 1025 3766; x_wconf 78' lang='grc' dir='ltr'><strong>μνττοντάν</strong></span> <span class='ocrx_word' id='word_1_299' title='bbox 1044 3707 1113 3768; x_wconf 80' lang='lat' dir='ltr'><strong>(Ach.</strong></span> <span class='ocrx_word' id='word_1_300' title='bbox 1131 3706 1179 3757; x_wconf 93' lang='grc'><strong>174</strong></span> <span class='ocrx_word' id='word_1_301' title='bbox 1193 3705 1238 3771; x_wconf 93' lang='lat' dir='ltr'><strong>Eq.</strong></span> <span class='ocrx_word' id='word_1_302' title='bbox 1249 3706 1305 3768; x_wconf 85' lang='grc'>771)</span> <span class='ocrx_word' id='word_1_303' title='bbox 1320 3714 1427 3768; x_wconf 88' lang='lat' dir='ltr'><strong>mutare;</strong></span> 
     </span>
     <span class='ocr_line' id='line_1_35' title="bbox 272 3788 1427 3855; baseline 0.003 -21"><span class='ocrx_word' id='word_1_304' title='bbox 272 3788 301 3835; x_wconf 79' lang='lat'><strong>58</strong></span> <span class='ocrx_word' id='word_1_305' title='bbox 321 3788 384 3851; x_wconf 89' lang='lat' dir='ltr'><strong>sqq.]</strong></span> <span class='ocrx_word' id='word_1_306' title='bbox 411 3803 493 3835; x_wconf 87' lang='lat' dir='ltr'><strong>servus</strong></span> <span class='ocrx_word' id='word_1_307' title='bbox 519 3805 548 3836; x_wconf 91' lang='lat' dir='ltr'><strong>ea</strong></span> <span class='ocrx_word' id='word_1_308' title='bbox 572 3805 632 3852; x_wconf 87' lang='lat' dir='ltr'><strong>quae</strong></span> <span class='ocrx_word' id='word_1_309' title='bbox 655 3788 727 3837; x_wconf 92' lang='lat' dir='ltr'><strong>modo</strong></span> <span class='ocrx_word' id='word_1_310' title='bbox 750 3789 812 3836; x_wconf 82' lang='lat' dir='ltr'><strong>dixit</strong></span> <span class='ocrx_word' id='word_1_311' title='bbox 852 3791 916 3855; x_wconf 90' lang='lat' dir='ltr'><strong>quod</strong></span> <span class='ocrx_word' id='word_1_312' title='bbox 942 3789 1062 3854; x_wconf 90' lang='lat' dir='ltr'><strong>quomodo</strong></span> <span class='ocrx_word' id='word_1_313' title='bbox 1086 3789 1137 3838; x_wconf 90' lang='lat' dir='ltr'><strong>fieri</strong></span> <span class='ocrx_word' id='word_1_314' title='bbox 1161 3789 1249 3838; x_wconf 89' lang='lat' dir='ltr'><strong>soleret</strong></span> <span class='ocrx_word' id='word_1_315' title='bbox 1271 3791 1341 3839; x_wconf 90' lang='lat' dir='ltr'><strong>docet</strong></span> <span class='ocrx_word' id='word_1_316' title='bbox 1358 3791 1427 3839; x_wconf 83' lang='lat' dir='ltr'><strong>Pacis</strong></span> 
     </span>
     <span class='ocr_line' id='line_1_36' title="bbox 234 3868 1427 3936; baseline 0.004 -19"><span class='ocrx_word' id='word_1_317' title='bbox 234 3886 298 3917; x_wconf 90' lang='lat' dir='ltr'><strong>nunc</strong></span> <span class='ocrx_word' id='word_1_318' title='bbox 324 3868 439 3934; x_wconf 81' lang='lat' dir='ltr'><strong>exemplis</strong></span> <span class='ocrx_word' id='word_1_319' title='bbox 465 3869 587 3928; x_wconf 89' lang='lat' dir='ltr'><strong>illustrat,</strong></span> <span class='ocrx_word' id='word_1_320' title='bbox 610 3869 712 3918; x_wconf 89' lang='lat' dir='ltr'><strong>chiasmi</strong></span> <span class='ocrx_word' id='word_1_321' title='bbox 734 3872 811 3934; x_wconf 84' lang='lat' dir='ltr'><strong>figura</strong></span> <span class='ocrx_word' id='word_1_322' title='bbox 850 3872 918 3921; x_wconf 90' lang='lat' dir='ltr'><strong>locus</strong></span> <span class='ocrx_word' id='word_1_323' title='bbox 936 3889 972 3920; x_wconf 90' lang='lat' dir='ltr'><strong>vs.</strong></span> <span class='ocrx_word' id='word_1_324' title='bbox 990 3871 1038 3919; x_wconf 84' lang='grc'><strong>236</strong></span> <span class='ocrx_word' id='word_1_325' title='bbox 1048 3888 1108 3935; x_wconf 85' lang='lat' dir='ltr'><strong>sqq,</strong></span> <span class='ocrx_word' id='word_1_326' title='bbox 1126 3871 1174 3920; x_wconf 88' lang='lat' dir='ltr'><strong>vid.</strong></span> <span class='ocrx_word' id='word_1_327' title='bbox 1192 3871 1302 3936; x_wconf 89' lang='lat' dir='ltr'><strong>inprimis</strong></span> <span class='ocrx_word' id='word_1_328' title='bbox 1317 3889 1351 3921; x_wconf 88' lang='lat' dir='ltr'><strong>vs.</strong></span> <span class='ocrx_word' id='word_1_329' title='bbox 1370 3871 1427 3924; x_wconf 89' lang='grc'>247.</span> 
     </span>
     <span class='ocr_line' id='line_1_37' title="bbox 235 3951 1426 4018; baseline 0.003 -19"><span class='ocrx_word' id='word_1_330' title='bbox 235 3969 304 4000; x_wconf 89' lang='lat' dir='ltr'><strong>usus:</strong></span> <span class='ocrx_word' id='word_1_331' title='bbox 337 3968 415 4015; x_wconf 89' lang='lat' dir='ltr'><strong>neque</strong></span> <span class='ocrx_word' id='word_1_332' title='bbox 446 3951 492 3999; x_wconf 90' lang='lat' dir='ltr'><strong>ioci</strong></span> <span class='ocrx_word' id='word_1_333' title='bbox 523 3951 623 4010; x_wconf 85' lang='lat' dir='ltr'><strong>insulsi,</strong></span> <span class='ocrx_word' id='word_1_334' title='bbox 651 3952 734 4016; x_wconf 84' lang='lat' dir='ltr'><strong>quales</strong></span> <span class='ocrx_word' id='word_1_335' title='bbox 760 3953 811 4016; x_wconf 91' lang='lat' dir='ltr'><strong>ipse</strong></span> <span class='ocrx_word' id='word_1_336' title='bbox 852 3954 961 4002; x_wconf 86' lang='lat' dir='ltr'><strong>Oouferri</strong></span> <span class='ocrx_word' id='word_1_337' title='bbox 991 3959 1093 4018; x_wconf 87' lang='lat' dir='ltr'><strong>possunt</strong></span> <span class='ocrx_word' id='word_1_338' title='bbox 1121 3955 1268 4004; x_wconf 87' lang='lat' dir='ltr'><strong>nostratium</strong></span> <span class='ocrx_word' id='word_1_339' title='bbox 1292 3955 1426 4004; x_wconf 89' lang='lat' dir='ltr'><strong>locutiones</strong></span> 
     </span>
     <span class='ocr_line' id='line_1_38' title="bbox 234 4033 1426 4099; baseline 0.004 -18"><span class='ocrx_word' id='word_1_340' title='bbox 234 4033 336 4097; x_wconf 86' lang='lat' dir='ltr'><strong>Eupolis</strong></span> <span class='ocrx_word' id='word_1_341' title='bbox 351 4049 427 4097; x_wconf 89' lang='lat' dir='ltr'><strong>nuper</strong></span> <span class='ocrx_word' id='word_1_342' title='bbox 441 4034 617 4097; x_wconf 86' lang='lat' dir='ltr'><strong>spectatoribus</strong></span> <span class='ocrx_word' id='word_1_343' title='bbox 633 4034 736 4094; x_wconf 89' lang='lat' dir='ltr'><strong>obtulit,</strong></span> <span class='ocrx_word' id='word_1_344' title='bbox 748 4051 811 4084; x_wconf 90' lang='lat' dir='ltr'><strong>nunc</strong></span> <span class='ocrx_word' id='word_1_345' title='bbox 851 4038 925 4086; x_wconf 79' lang='lat' dir='ltr'><strong>under</strong></span> <span class='ocrx_word' id='word_1_346' title='bbox 938 4037 977 4084; x_wconf 82' lang='lat' dir='ltr'><strong>bet</strong></span> <span class='ocrx_word' id='word_1_347' title='bbox 991 4053 1039 4084; x_wconf 81' lang='lat' dir='ltr'><strong>mea</strong></span> <span class='ocrx_word' id='word_1_348' title='bbox 1053 4052 1134 4084; x_wconf 73' lang='lat' dir='ltr'><strong>stamen</strong></span> <span class='ocrx_word' id='word_1_349' title='bbox 1148 4042 1173 4085; x_wconf 94' lang='lat' dir='ltr'><strong>et</strong></span> <span class='ocrx_word' id='word_1_350' title='bbox 1187 4037 1213 4084; x_wconf 80' lang='lat' dir='ltr'><strong>in</strong></span> <span class='ocrx_word' id='word_1_351' title='bbox 1227 4038 1258 4085; x_wconf 80' lang='grc' dir='ltr'><strong>ἀι</strong></span> <span class='ocrx_word' id='word_1_352' title='bbox 1268 4038 1426 4099; x_wconf 68' lang='lat' dir='ltr'><strong>paschalem.</strong></span> 
     </span>
     <span class='ocr_line' id='line_1_39' title="bbox 234 4117 1427 4182; baseline 0.001 -16"><span class='ocrx_word' id='word_1_353' title='bbox 234 4122 291 4166; x_wconf 87' lang='lat' dir='ltr'><strong>sunt</strong></span> <span class='ocrx_word' id='word_1_354' title='bbox 316 4117 471 4180; x_wconf 85' lang='lat' dir='ltr'><strong>expectandi,</strong></span> <span class='ocrx_word' id='word_1_355' title='bbox 496 4132 573 4179; x_wconf 91' lang='lat' dir='ltr'><strong>neque</strong></span> <span class='ocrx_word' id='word_1_356' title='bbox 590 4117 679 4165; x_wconf 89' lang='lat' dir='ltr'><strong>summi</strong></span> <span class='ocrx_word' id='word_1_357' title='bbox 697 4117 738 4181; x_wconf 89' lang='lat' dir='ltr'><strong>qui</strong></span> <span class='ocrx_word' id='word_1_358' title='bbox 756 4123 812 4166; x_wconf 90' lang='lat' dir='ltr'><strong>sunt</strong></span> <span class='ocrx_word' id='word_1_359' title='bbox 885 4120 916 4166; x_wconf 80' lang='lat'><strong>65</strong></span> <span class='ocrx_word' id='word_1_360' title='bbox 934 4119 982 4182; x_wconf 92' lang='lat' dir='ltr'><strong>sq.]</strong></span> <span class='ocrx_word' id='word_1_361' title='bbox 1015 4135 1061 4168; x_wconf 84' lang='grc' dir='ltr'><strong>αυα</strong></span> <span class='ocrx_word' id='word_1_362' title='bbox 1085 4119 1252 4182; x_wconf 78' lang='lat' dir='ltr'><strong>praestantius</strong></span> <span class='ocrx_word' id='word_1_363' title='bbox 1276 4136 1343 4182; x_wconf 80' lang='lat' dir='ltr'><strong>quam</strong></span> <span class='ocrx_word' id='word_1_364' title='bbox 1368 4135 1427 4182; x_wconf 81' lang='lat' dir='ltr'><strong>quae</strong></span> 
     </span>
     <span class='ocr_line' id='line_1_40' title="bbox 234 4198 1427 4264; baseline 0.002 -17"><span class='ocrx_word' id='word_1_365' title='bbox 234 4200 260 4247; x_wconf 90' lang='lat' dir='ltr'><strong>in</strong></span> <span class='ocrx_word' id='word_1_366' title='bbox 283 4199 372 4248; x_wconf 89' lang='lat' dir='ltr'><strong>litteris</strong></span> <span class='ocrx_word' id='word_1_367' title='bbox 396 4199 435 4250; x_wconf 84' lang='lat' dir='ltr'><strong>vel</strong></span> <span class='ocrx_word' id='word_1_368' title='bbox 458 4199 484 4246; x_wconf 88' lang='lat' dir='ltr'><strong>in</strong></span> <span class='ocrx_word' id='word_1_369' title='bbox 506 4199 649 4262; x_wconf 89' lang='lat' dir='ltr'><strong>republica</strong></span> <span class='ocrx_word' id='word_1_370' title='bbox 667 4199 713 4247; x_wconf 89' lang='lat' dir='ltr'><strong>viri</strong></span> <span class='ocrx_word' id='word_1_371' title='bbox 731 4200 812 4248; x_wconf 88' lang='lat' dir='ltr'><strong>tradu-</strong></span> <span class='ocrx_word' id='word_1_372' title='bbox 851 4201 951 4249; x_wconf 77' lang='grc' dir='ltr'><strong><em>ααίαίοαο</em></strong></span> <span class='ocrx_word' id='word_1_373' title='bbox 966 4201 1110 4264; x_wconf 77' lang='lat' dir='ltr'><strong>protulimus</strong></span> <span class='ocrx_word' id='word_1_374' title='bbox 1132 4203 1223 4262; x_wconf 85' lang='lat' dir='ltr'><strong>(omues</strong></span> <span class='ocrx_word' id='word_1_375' title='bbox 1247 4198 1311 4250; x_wconf 84' lang='lat' dir='ltr'><strong>enim</strong></span> <span class='ocrx_word' id='word_1_376' title='bbox 1328 4201 1427 4250; x_wconf 85' lang='lat' dir='ltr'><strong>fabulae</strong></span> 
     </span>
     <span class='ocr_line' id='line_1_41' title="bbox 235 4281 1426 4347; baseline 0.003 -18"><span class='ocrx_word' id='word_1_377' title='bbox 235 4287 318 4330; x_wconf 90' lang='lat' dir='ltr'><strong>centur</strong></span> <span class='ocrx_word' id='word_1_378' title='bbox 336 4281 421 4337; x_wconf 91' lang='lat' dir='ltr'><strong>hodie,</strong></span> <span class='ocrx_word' id='word_1_379' title='bbox 438 4281 508 4328; x_wconf 90' lang='lat' dir='ltr'><strong>utin</strong></span> <span class='ocrx_word' id='word_1_380' title='bbox 526 4281 721 4330; x_wconf 88' lang='lat' dir='ltr'><strong>Acharuensibus</strong></span> <span class='ocrx_word' id='word_1_381' title='bbox 739 4289 811 4346; x_wconf 91' lang='lat' dir='ltr'><strong>atque</strong></span> <span class='ocrx_word' id='word_1_382' title='bbox 850 4289 947 4332; x_wconf 85' lang='lat' dir='ltr'><strong>nostrae</strong></span> <span class='ocrx_word' id='word_1_383' title='bbox 973 4284 1150 4347; x_wconf 86' lang='lat' dir='ltr'><strong>pulcherrimae</strong></span> <span class='ocrx_word' id='word_1_384' title='bbox 1177 4286 1253 4343; x_wconf 87' lang='lat' dir='ltr'><strong>suut),</strong></span> <span class='ocrx_word' id='word_1_385' title='bbox 1277 4285 1321 4332; x_wconf 82' lang='lat' dir='ltr'><strong>sed</strong></span> <span class='ocrx_word' id='word_1_386' title='bbox 1343 4285 1426 4332; x_wconf 81' lang='grc' dir='ltr'><strong><em>ιαιίίαι</em></strong></span> 
     </span>
     <span class='ocr_line' id='line_1_42' title="bbox 233 4361 1426 4430; baseline 0.003 -20"><span class='ocrx_word' id='word_1_387' title='bbox 233 4363 258 4411; x_wconf 88' lang='lat' dir='ltr'><strong>in</strong></span> <span class='ocrx_word' id='word_1_388' title='bbox 273 4363 411 4427; x_wconf 89' lang='lat' dir='ltr'><strong>Equitibus.</strong></span> <span class='ocrx_word' id='word_1_389' title='bbox 425 4390 460 4398; x_wconf 91' lang='lat'>-</span> <span class='ocrx_word' id='word_1_390' title='bbox 474 4361 510 4410; x_wconf 86' lang='lat' dir='ltr'><strong>Ex</strong></span> <span class='ocrx_word' id='word_1_391' title='bbox 519 4363 585 4410; x_wconf 90' lang='lat' dir='ltr'><strong>hisce</strong></span> <span class='ocrx_word' id='word_1_392' title='bbox 595 4362 702 4411; x_wconf 89' lang='lat' dir='ltr'><strong>versibus</strong></span> <span class='ocrx_word' id='word_1_393' title='bbox 711 4371 812 4428; x_wconf 88' lang='lat' dir='ltr'><strong>apparet</strong></span> <span class='ocrx_word' id='word_1_394' title='bbox 851 4381 918 4430; x_wconf 82' lang='lat' dir='ltr'><strong>quam</strong></span> <span class='ocrx_word' id='word_1_395' title='bbox 932 4371 986 4414; x_wconf 82' lang='grc' dir='ltr'><strong><em>οααί</em></strong></span> <span class='ocrx_word' id='word_1_396' title='bbox 1001 4367 1107 4414; x_wconf 71' lang='lat' dir='ltr'><strong>inardesce</strong></span> <span class='ocrx_word' id='word_1_397' title='bbox 1116 4366 1243 4428; x_wconf 72' lang='lat' dir='ltr'><strong>Etpolida&#39;a</strong></span> <span class='ocrx_word' id='word_1_398' title='bbox 1252 4369 1426 4429; x_wconf 68' lang='lat' dir='ltr'><strong>ceterorumque</strong></span> 
     </span>
     <span class='ocr_line' id='line_1_43' title="bbox 233 4445 1425 4511; baseline 0.003 -19"><span class='ocrx_word' id='word_1_399' title='bbox 233 4445 349 4509; x_wconf 41' lang='lat' dir='ltr'><strong>Eupolin,</strong></span> <span class='ocrx_word' id='word_1_400' title='bbox 364 4445 431 4494; x_wconf 90' lang='lat' dir='ltr'><strong>brevi</strong></span> <span class='ocrx_word' id='word_1_401' title='bbox 454 4451 510 4493; x_wconf 90' lang='lat' dir='ltr'><strong>ante</strong></span> <span class='ocrx_word' id='word_1_402' title='bbox 534 4445 559 4493; x_wconf 89' lang='lat' dir='ltr'><strong>in</strong></span> <span class='ocrx_word' id='word_1_403' title='bbox 581 4461 652 4493; x_wconf 89' lang='lat' dir='ltr'><strong>scena</strong></span> <span class='ocrx_word' id='word_1_404' title='bbox 675 4445 811 4494; x_wconf 83' lang='lat' dir='ltr'><strong>exhibuisse</strong></span> <span class='ocrx_word' id='word_1_405' title='bbox 850 4448 984 4496; x_wconf 75' lang='lat' dir='ltr'><strong>huiusmodi</strong></span> <span class='ocrx_word' id='word_1_406' title='bbox 1000 4452 1141 4511; x_wconf 68' lang='lat' dir='ltr'><strong>eupatorem</strong></span> <span class='ocrx_word' id='word_1_407' title='bbox 1151 4447 1270 4511; x_wconf 77' lang='lat' dir='ltr'><strong>facetiae.</strong></span> <span class='ocrx_word' id='word_1_408' title='bbox 1292 4446 1347 4496; x_wconf 89' lang='lat' dir='ltr'><strong>Vid.</strong></span> <span class='ocrx_word' id='word_1_409' title='bbox 1364 4448 1425 4496; x_wconf 86' lang='lat' dir='ltr'><strong>Ach.</strong></span> 
     </span>
     <span class='ocr_line' id='line_1_44' title="bbox 231 4527 1426 4594; baseline 0.002 -18"><span class='ocrx_word' id='word_1_410' title='bbox 231 4528 292 4576; x_wconf 90' lang='lat' dir='ltr'><strong>duos</strong></span> <span class='ocrx_word' id='word_1_411' title='bbox 315 4544 395 4576; x_wconf 87' lang='lat' dir='ltr'><strong>servos</strong></span> <span class='ocrx_word' id='word_1_412' title='bbox 417 4527 520 4576; x_wconf 87' lang='lat' dir='ltr'><strong>bellaria</strong></span> <span class='ocrx_word' id='word_1_413' title='bbox 538 4529 563 4576; x_wconf 85' lang='lat' dir='ltr'><strong>iu</strong></span> <span class='ocrx_word' id='word_1_414' title='bbox 581 4534 727 4592; x_wconf 86' lang='lat' dir='ltr'><strong>spectatores</strong></span> <span class='ocrx_word' id='word_1_415' title='bbox 749 4530 812 4577; x_wconf 89' lang='lat' dir='ltr'><strong>coni·</strong></span> <span class='ocrx_word' id='word_1_416' title='bbox 851 4530 899 4577; x_wconf 88' lang='grc'><strong>646</strong></span> <span class='ocrx_word' id='word_1_417' title='bbox 918 4545 969 4594; x_wconf 90' lang='lat' dir='ltr'><strong>sqq.</strong></span> <span class='ocrx_word' id='word_1_418' title='bbox 995 4556 1030 4566; x_wconf 97' lang='lat'>-</span> <span class='ocrx_word' id='word_1_419' title='bbox 1054 4530 1209 4579; x_wconf 81' lang='lat' dir='ltr'><strong>Adiectirum</strong></span> <span class='ocrx_word' id='word_1_420' title='bbox 1232 4531 1346 4590; x_wconf 70' lang='grc' dir='ltr'><strong><em>φορτικός</em></strong></span> <span class='ocrx_word' id='word_1_421' title='bbox 1364 4529 1426 4578; x_wconf 87' lang='lat' dir='ltr'><strong>redit</strong></span> 
     </span>
     <span class='ocr_line' id='line_1_45' title="bbox 232 4609 1425 4677; baseline 0.002 -19"><span class='ocrx_word' id='word_1_422' title='bbox 232 4611 321 4659; x_wconf 85' lang='lat' dir='ltr'><strong>cientes</strong></span> <span class='ocrx_word' id='word_1_423' title='bbox 339 4611 378 4670; x_wconf 84' lang='lat' dir='ltr'><strong>(of.</strong></span> <span class='ocrx_word' id='word_1_424' title='bbox 397 4610 454 4660; x_wconf 85' lang='lat' dir='ltr'><strong>Pac.</strong></span> <span class='ocrx_word' id='word_1_425' title='bbox 474 4611 522 4659; x_wconf 82' lang='grc'><strong>962</strong></span> <span class='ocrx_word' id='word_1_426' title='bbox 542 4617 566 4659; x_wconf 92' lang='lat' dir='ltr'><strong>et</strong></span> <span class='ocrx_word' id='word_1_427' title='bbox 582 4611 649 4660; x_wconf 88' lang='lat' dir='ltr'><strong>Plut.</strong></span> <span class='ocrx_word' id='word_1_428' title='bbox 668 4609 810 4674; x_wconf 81' lang='grc'>789-799)</span> <span class='ocrx_word' id='word_1_429' title='bbox 850 4611 914 4660; x_wconf 87' lang='lat' dir='ltr'><strong>Nub.</strong></span> <span class='ocrx_word' id='word_1_430' title='bbox 934 4613 981 4660; x_wconf 81' lang='grc'><strong>624</strong></span> <span class='ocrx_word' id='word_1_431' title='bbox 997 4612 1052 4677; x_wconf 86' lang='lat' dir='ltr'><strong>Lys.</strong></span> <span class='ocrx_word' id='word_1_432' title='bbox 1073 4613 1145 4671; x_wconf 84' lang='grc'>1218,</span> <span class='ocrx_word' id='word_1_433' title='bbox 1161 4613 1191 4660; x_wconf 84' lang='grc' dir='ltr'><strong>υί.</strong></span> <span class='ocrx_word' id='word_1_434' title='bbox 1206 4613 1295 4673; x_wconf 78' lang='grc' dir='ltr'><strong><em>φόρτος</em></strong></span> <span class='ocrx_word' id='word_1_435' title='bbox 1309 4611 1365 4659; x_wconf 81' lang='lat' dir='ltr'><strong>Pac.</strong></span> <span class='ocrx_word' id='word_1_436' title='bbox 1377 4609 1425 4662; x_wconf 85' lang='grc'><strong>748</strong></span> 
     </span>
     <span class='ocr_line' id='line_1_46' title="bbox 233 4692 992 4758; baseline 0.003 -18"><span class='ocrx_word' id='word_1_437' title='bbox 233 4697 257 4740; x_wconf 91' lang='lat' dir='ltr'><strong>et</strong></span> <span class='ocrx_word' id='word_1_438' title='bbox 275 4692 404 4741; x_wconf 88' lang='lat' dir='ltr'><strong>Herculem</strong></span> <span class='ocrx_word' id='word_1_439' title='bbox 423 4693 637 4743; x_wconf 82' lang='lat' dir='ltr'><strong>cena&#39;destitutum</strong></span> <span class='ocrx_word' id='word_1_440' title='bbox 653 4695 693 4754; x_wconf 83' lang='lat' dir='ltr'><strong>(cf.</strong></span> <span class='ocrx_word' id='word_1_441' title='bbox 709 4694 810 4758; x_wconf 85' lang='lat' dir='ltr'><strong>Lysistr.</strong></span> <span class='ocrx_word' id='word_1_442' title='bbox 850 4695 917 4744; x_wconf 87' lang='lat' dir='ltr'><strong>Plut.</strong></span> <span class='ocrx_word' id='word_1_443' title='bbox 937 4693 992 4744; x_wconf 84' lang='grc'>796.</span> 
     </span>
    </p>
   </div>
   <div class='ocr_carea' id='block_1_9' title="bbox 0 0 1774 5536">
    <p class='ocr_par' dir='ltr' id='par_1_17' title="bbox 0 0 1774 5536">
     <span class='ocr_line' id='line_1_47' title="bbox 0 0 1774 5536; baseline 0 3"><span class='ocrx_word' id='word_1_444' title='bbox 0 0 1774 5536; x_wconf 95' lang='lat' dir='ltr'><strong> </strong></span> 
     </span>
    </p>
   </div>
  </div>
 </body>
</html>
