3538 5536
858 617 990 666 VRSPAE.

406 795 408 800 '
465 782 562 848 δεῖται
587 781 618 847 δὲ
642 783 693 848 καί
718 787 777 848 τῶν
801 784 961 862 καρπίμων
987 780 1071 848 ίίττα
1095 785 1139 860 μιί
1165 783 1229 848 εὀτι
1254 784 1339 865 πρῷα
1444 843 1448 852 .

464 887 538 971 ὕδωρ
563 890 705 968 γενέοίαι
730 889 781 954 καί
807 891 989 956 ἐπιπνεῦσαι
1011 889 1128 970 βόρειον
1153 891 1268 962 αὐτοῖς.

464 1103 496 1167 τί
518 1105 616 1183 χρῆμ’
642 1101 689 1182 ἄρ’
713 1103 765 1168 οὑκ
789 1111 845 1178 τῆς
870 1103 968 1175 οἰκίας
992 1103 1085 1179 τῆσδε
1110 1102 1314 1175 συνδικαστὴς

464 1208 619 1289 πέπονθεν,
645 1211 683 1283 ὥς
707 1211 739 1274 ού
764 1210 913 1289 Φαίνεται
940 1210 1022 1289 δεῦρο
1049 1211 1120 1291 πρὸς
1146 1214 1180 1275 τί
1205 1210 1336 1287 πλῆίος;

463 1317 496 1381 ού
521 1318 582 1393 μὴν
606 1299 745 1396 πρὸτού
764 1318 796 1395 γ’
823 1317 952 1398 ἐφολκὸς
978 1313 1021 1395 ἦν,
1046 1316 1135 1382 οίλλίι
1159 1322 1273 1394 πρῶτος
1300 1315 1383 1392 ἡμῶν

465 1421 567 1501 ἡγεῖτ’
594 1423 631 1489 ἂν
656 1423 734 1508 ᾄδων
760 1423 926 1503 Φρυνίχου·
952 1423 1003 1488 καί
1029 1420 1092 1503 etp
1114 1424 1196 1487 ἐστιν
1221 1422 1294 1500 eleba

329 1524 395 1594 270
464 1528 608 1610 φιλῳδός.
632 1531 720 1594 οὶλλοί
743 1551 794 1607 μοι
821 1529 903 1593 δοκεῖ
925 1528 1063 1601 οτιίντας
1089 1527 1199 1611 ἐνθάδ’,
1225 1525 1348 1607 ὦνδρες,

363 1735 432 1800 263]
458 1736 531 1784 verbe
555 1737 627 1798 φιλεῖ
643 1733 664 1784 δ’
683 1734 743 1784 ίπαν
760 1730 775 1798 ᾖ
793 1733 868 1784 τουτὶ
884 1737 961 1784 ποιεῖν
979 1734 991 1782 ί
1009 1735 1067 1791 Ζεύς
1084 1732 1155 1783 ιίετὸν
1173 1733 1305 1796 μέλιττα,
1325 1751 1386 1801 quae
1404 1734 1477 1799 vulgo
1495 1733 1520 1782 in

328 1834 425 1867 versum
451 1817 486 1867 sic
512 1818 669 1883 effinguntur:
698 1819 770 1882 φιλεῖ
791 1815 813 1866 δ’
833 1816 893 1866 ίπαν
916 1816 988 1866 τοῦτ’
1011 1812 1025 1879 ᾖ
1049 1818 1125 1866 ποιεῖν
1143 1815 1215 1866 ύιτὸν
1232 1816 1364 1880 μάλιστα,
1382 1817 1520 1866 auctoribus

329 1900 475 1965 Hirschigiis
494 1901 581 1951 delevi.

364 1983 419 2032 264.
437 1981 485 2049 μή]
502 1983 529 2047 γ’
546 1983 678 2034 Humcker.

363 2065 419 2114 266.
438 2066 542 2131 βόρειον]
568 2063 653 2127 docetes
679 2065 810 2125 Hamaker,
834 2065 899 2130 quod
922 2081 1006 2114 verum
1024 2064 1130 2133 videtur,
1143 2082 1200 2114 nam
1217 2066 1298 2115 clames
1313 2065 1393 2129 equile
1410 2064 1520 2129 frugibus

327 2148 517 2212 haudquaquam
535 2154 572 2198 est
584 2149 744 2198 conducibilis
758 2165 836 2213 neque
849 2154 990 2213 expectatur
1005 2165 1061 2197 cum
1075 2148 1143 2213 iungi
1157 2155 1313 2198 concrescunt
1327 2148 1352 2196 in
1366 2148 1521 2197 lucernarum

328 2230 469 2295 ellychniis3
487 2232 618 2296 reciperem
635 2232 747 2297 equidem
765 2231 786 2280 si
802 2232 878 2300 totius
894 2231 944 2280 loci
961 2237 1087 2281 contextus
1102 2231 1163 2280 mihi
1178 2232 1238 2281 satis
1253 2237 1316 2281 esset
1330 2232 1521 2297 perspicuus.-

329 2312 389 2361 Post
411 2314 476 2363 bunc
493 2331 587 2364 versum
605 2321 678 2380 poeta
695 2315 798 2364 fortasse
816 2314 890 2363 inseri
907 2314 987 2363 voluit
1004 2314 1153 2377 colloquium
1170 2315 1247 2379 patris
1265 2331 1321 2364 cum
1339 2315 1391 2364 lilio
1409 2317 1452 2377 (vs.
1472 2313 1518 2362 291
1578 2336 1580 2340 ·

328 2395 429 2456 -316),
446 2397 510 2460 quod
526 2397 665 2462 importuno
682 2395 746 2446 nunc
763 2397 817 2446 loeo
834 2397 938 2461 legitur;
955 2396 998 2445 sed
1014 2397 1062 2446 vid.
1080 2397 1259 2461 prolegomena.
1352 2469 1354 2476 Ι

363 2475 420 2528 267.
439 2476 482 2543 ὥς]
500 2476 563 2526 ὥστ’
581 2478 666 2528 Cobet.

329 2677 383 2726 loco
401 2680 504 2727 Aratum
521 2678 632 2728 imitatur
648 2682 729 2744 poeta)
746 2695 775 2728 ne
791 2683 906 2729 ιιοοίιινπα
945 2679 1044 2729 Theocr.
1063 2678 1107 2727 XV
1126 2680 1165 2728 84.
1184 2678 1264 2728 Simili
1281 2678 1375 2727 ratione
1392 2676 1521 2726 substanti·
1543 2698 1544 2702 ¹

331 2760 425 2824 quidem
443 2766 564 2826 carpentes
573 2778 651 2834 penca
659 2764 756 2827 puellae
770 2760 774 2830 ]
788 2764 906 2812 nescivere
945 2779 1003 2811 vum
1020 2767 1127 2825 πρᾶγμα
1145 2762 1285 2811 adhibitum·
1300 2769 1336 2811 est
1353 2761 1413 2810 Ach.
1433 2758 1480 2811 337
1496 2766 1520 2808 et

331 2843 441 2902 hiemem,
455 2847 517 2892 teste
530 2861 581 2893 cem
590 2845 688 2893 ardente
697 2844 804 2893 viderent
818 2842 823 2912 Ι
845 2845 907 2893 εοὶνι-
945 2846 971 2894 in
986 2847 1091 2894 formula
1106 2845 1137 2894 τί
1148 2847 1178 2894 τὸ
1193 2845 1290 2908 πρᾶγμ’
1299 2845 1406 2894 infrave.
1417 2843 1464 2898 396
1474 2849 1519 2891 etc.

332 2925 414 2973 tillem
428 2926 503 2974 oleum
518 2930 542 2974 et
551 2930 636 2990 putres
651 2943 796 2976 emarcescere
803 2929 904 2992 sumque.
979 2927 1036 2979 267.
1054 2927 1182 2993 πέπονθεν]
1201 2929 1250 2978 vid.
1268 2944 1303 2976 vs.
1322 2927 1344 2975 1.

332 3007 452 3071 Agathiae
479 3008 552 3073 epigr.
577 3006 608 3059 17
635 3009 732 3071 (Jacobs
757 3010 792 3058 IV
817 3026 840 3074 p.
865 3011 905 3072 10)
980 3012 1036 3060 268.
1056 3008 1172 3076 ἐφολκὸς]
1196 3011 1256 3060 olim
1279 3027 1327 3059 non
1346 3026 1406 3075 opus
1423 3013 1475 3058 crat
1493 3013 1521 3056 ut

331 3089 430 3152 μήποτε
445 3089 526 3154 λύχνε
539 3088 642 3155 μύκητα
657 3090 905 3154 φέροιςμιςδ”ίμβρον
946 3095 977 3143 ob
1003 3093 1059 3143 aliis
1085 3095 1223 3143 traheretur
1248 3097 1285 3157 (op
1311 3094 1435 3157 sleeptouw
1457 3091 1522 3140 werd

268 3195 273 3204 ·
332 3171 441 3236 έγείροις.
943 3180 1076 3241 μέτοικον),
1093 3174 1192 3239 έφολκῖς
1207 3175 1293 3238 κνρίοις
1309 3174 1415 3238 λέγεται
1435 3171 1522 3234 ἧλέμ-

366 3255 422 3305 266.
440 3256 543 3322 βόρειον]
561 3273 606 3305 vox
624 3252 740 3318 molesto;
759 3258 808 3307 vid.
823 3263 905 3307 annot.
947 3261 990 3320 βος
1007 3257 1063 3314 tle-cs
1080 3257 1094 3313 ἧ
1112 3259 1188 3320 μικρα
1207 3261 1264 3315 ναῦς
1279 3256 1292 3312 ἦ
1309 3256 1351 3321 ὑφ’
1368 3255 1520 3319 ἑτέραςνεῶς

265 3359 269 3367 ·
330 3338 383 3388 crit.
947 3338 1067 3402 ἑλκομένη
1082 3337 1122 3388 tac
1138 3339 1291 3403 βραδυτῆτα.
1310 3339 1521 3405 01.Ηοιιι,ξ360,

365 3423 422 3480 266.
441 3422 471 3470 τί
484 3423 584 3488 χρῆμα]
608 3423 690 3488 clus.
709 3422 766 3483 697,
783 3422 840 3482 799,
858 3424 907 3472 834
946 3424 989 3472 ubi
1006 3425 1070 3487 quod
1088 3430 1189 3473 vocatur
1207 3424 1296 3488 ξεστὸν
1311 3420 1442 3486 ἐφόλκαιον
1463 3420 1522 3486 quid

331 3505 395 3554 Nub.
414 3505 470 3553 816.
493 3505 590 3554 Similia
612 3512 669 3554 sunt
691 3504 747 3554 beor
769 3507 799 3554 τὸ
816 3508 907 3568 χρῆμα
946 3507 1043 3555 sitnon
1062 3512 1170 3566 constat,
1186 3507 1283 3555 lembum
1297 3513 1379 3556 tamen
1393 3503 1523 3568 consigni-

331 3605 386 3637 cum
412 3604 465 3652 geu.
491 3588 551 3637 Acb.
575 3589 623 3636 160
649 3587 694 3652 uq.
718 3589 782 3638 1219
809 3589 906 3637 Nub.2
945 3590 1013 3637 ficari
1030 3596 1121 3639 certum
1138 3596 1181 3639 est.

332 3671 393 3719 ch.
417 3669 481 3720 1273
504 3677 529 3719 ct
550 3670 601 3718 sine
624 3687 677 3734 gen.
702 3671 758 3720 Pac.
777 3672 850 3730 1192,
874 3669 906 3728 ὥς
980 3671 1036 3720 269.
1054 3670 1096 3737 m]
1114 3672 1178 3721 cotio
1195 3672 1285 3721 iterate
1301 3670 1482 3736 bacparticula
1496 3668 1521 3716 in

333 3753 408 3802 καλὸν
425 3754 455 3800 τὸ
473 3754 562 3814 χρῆμα
578 3752 634 3818 Lys.
649 3754 680 3802 33
695 3755 724 3802 fr.
740 3753 780 3812 67,
798 3752 907 3802 κλέπτον
948 3753 1094 3803 carminibus
1119 3754 1193 3820 epicis
1218 3772 1267 3805 uon
1293 3755 1422 3813 indicetur,
1445 3767 1521 3816 neque

334 3837 363 3884 τὸ
387 3837 476 3898 χρῆμα
494 3831 597 3894 τάνδρός
613 3835 677 3884 infra
695 3852 728 3884 vs.
747 3837 804 3896 933,
822 3837 907 3896 μιαρὸν
948 3836 1013 3900 apud
1037 3837 1185 3902 Aeschylum
1210 3838 1249 3887 vel
1274 3838 1420 3896 Pindarum
1447 3833 1521 3884 semel

333 3919 363 3966 τὸ
386 3919 475 3978 χρῆμα
501 3917 558 3965 Pac.
577 3918 616 3976 38,
641 3919 742 3980 λιπαρὸν
765 3919 795 3966 τὸ
818 3921 907 3981 χρῆμα
948 3919 1078 3986 Sophocles
1101 3936 1155 3969 eam
1177 3921 1214 3969 ito
1238 3920 1351 3970 adhibuit
1367 3920 1393 3968 in
1410 3917 1521 3983 operibus

333 4001 379 4056 utic
394 4000 489 4055 πόλεως
506 4001 551 4048 Av.
568 3999 623 4059 326,
632 3998 766 4056 ἀσκητικὸν
778 4002 808 4049 τὸ
818 4003 908 4063 χρῆμα
949 4002 1132 4067 superstitibus,
1163 4004 1239 4052 semel
1269 4002 1412 4067 Euripides,
1447 3999 1521 4049 semel

333 4081 388 4146 Lys.
415 4081 489 4140 1036,
519 4079 589 4144 μέγα
614 4084 703 4145 χρῆμα
729 4085 776 4140 τῆς
803 4081 908 4144 ἐμπίδος
948 4084 1100 4150 Thucydides
1107 4107 1113 4144 ;
1138 4088 1203 4150 apud
1219 4087 1370 4135 Herodotum
1388 4099 1444 4132 vero
1462 4081 1521 4130 satis

333 4164 389 4229 Lys.
408 4163 481 4222 1031,
504 4161 574 4225 μέγα
591 4166 679 4226 χρῆμα
696 4163 824 4227 γιγάντων
841 4167 909 4215 Tele·
949 4168 1056 4231 vulgaris
1079 4176 1115 4217 est
1137 4170 1196 4219 haec
1210 4166 1352 4228 structure,
1376 4167 1435 4217 item
1457 4165 1522 4229 apud

334 4247 389 4297 olid.
414 4246 436 4294 l.
463 4246 630 4296 Pleonastious
657 4247 697 4296 hic
723 4248 789 4297 vocis
819 4250 908 4311 χεῦμα
949 4251 1149 4315 Aristophanem,
1163 4252 1211 4301 vid.
1222 4269 1241 4301 e.
1252 4268 1273 4316 g.
1284 4252 1344 4299 Ran.
1355 4251 1411 4308 211,
1421 4248 1522 4311 uterq,

333 4345 390 4378 usus
415 4329 480 4392 apud
503 4329 655 4378 Herodotum
678 4347 772 4396 quoque
795 4332 854 4381 satis
873 4339 909 4381 est
949 4333 1006 4392 920,
1024 4333 1080 4393 926,
1098 4333 1154 4394 927,
1172 4336 1228 4394 946,
1245 4335 1302 4393 9413,
1318 4333 1375 4392 960,
1390 4331 1435 4380 961
1455 4329 1522 4379 Plut.

332 4415 444 4477 frequens
462 4413 483 4474 (I
499 4413 529 4461 36
545 4410 586 4470 side
601 4415 689 4475 χρῆμα
704 4412 782 4476 μέγα,
798 4415 837 4463 ΙΙΙ
853 4415 909 4474 109,
949 4415 997 4464 932
1006 4432 1051 4480 sq,
1061 4417 1108 4464 986
1118 4433 1162 4481 sq,
1172 4418 1245 4475 1160,
1254 4416 1319 4465 1142
1328 4431 1372 4478 sq,
1382 4411 1446 4464 1179
1456 4428 1522 4476 sqq.;

335 4497 382 4544 130
410 4494 445 4543 IV
469 4495 498 4544 31
525 4493 559 4543 VI
582 4496 613 4544 43
640 4494 763 4559 711188)
789 4514 866 4561 neque
894 4515 908 4545 a
949 4504 1050 4564 apparet
1067 4499 1141 4563 igitur
1155 4517 1169 4548 a
1184 4499 1280 4564 poetico
1294 4498 1398 4547 dictione
1408 4495 1521 4553 elianam,

334 4578 452 4644 Sophocle
476 4578 582 4637 alienus,
609 4578 667 4634 ονός
689 4577 812 4641 μέγιστον
829 4579 908 4641 χρῆμ’
950 4581 1091 4646 quotidiano
1114 4599 1170 4632 voro
1187 4581 1283 4630 dicendi
1301 4579 1381 4644 generi
1398 4576 1522 4643 propriam

335 4658 376 4709 ἐπ’
403 4658 493 4719 Οίνίοος
516 4660 591 4724 γύαις
611 4659 616 4726 Ι
636 4659 710 4715 ἀνῆκε
734 4663 833 4718 Λητοῦς
850 4662 909 4718 παῖς
936 4657 1022 4712 ¹fuisse
1039 4664 1137 4725 (Soatou
1150 4665 1176 4713 in
1191 4647 1309 4713 Classical
1323 4661 1420 4711 Raview
1439 4660 1521 4720 1389).

335 4741 454 4806 ἑκηβόλος
477 4741 519 4792 teet
541 4745 570 4792 fr.
590 4742 809 4803 36711116.;ν1ι1.
834 4745 908 4793 etiam
981 4773 1015 4782 -
1032 4746 1167 4812 Φρυνίχου]
1185 4747 1233 4796 vid.
1252 4747 1283 4796 ed
1301 4762 1334 4794 vs.
1353 4744 1410 4793 220.
