3538 5536
353 588 446 638 xxm
867 584 999 634 trasna

352 758 463 841 parcnt
495 751 549 818 sed
582 771 705 838 pacem
727 750 797 816 fieri
827 771 864 816 ea
893 749 1071 818 condicione
1102 755 1140 815 ut
1170 772 1188 816 a
1218 753 1341 818 neutris
1364 752 1536 840 quicquam

352 860 535 927 redderetur
563 879 693 936 eorum,
720 877 800 944 quae
823 856 907 923 bello
931 863 1022 943 parta
1045 862 1158 923 essent.
1181 857 1285 924 Facile
1309 864 1418 925 autem
1440 858 1537 924 credi·

352 987 425 1031 mus
455 985 606 1052 magnam
635 966 677 1029 iis
707 962 817 1029 diebus
847 962 1003 1030 invidiam
1031 984 1098 1029 esse
1121 963 1289 1031 conflatam
1310 967 1344 1029 in
1369 965 1535 1043 „homines

353 1076 409 1160 qui
441 1072 608 1138 Thraciam
642 1069 874 1156 prodidissent’'
891 1065 927 1149 ¹),
964 1069 1205 1157 multorumque
1240 1074 1355 1136 animis
1389 1071 1536 1137 incidisse

353 1185 478 1247 metum
512 1197 666 1244 renova
694 1178 840 1263 tyrannis
869 1181 1035 1262 pararetur
1064 1177 1191 1244 aliudve
1222 1180 1363 1245 civitatis
1394 1178 1536 1244 libertati

351 1290 484 1354 instaret
506 1280 741 1374 periculum&
766 1282 954 1349 simillimus
977 1285 1064 1350 anim
1087 1290 1211 1370 septem
1234 1288 1324 1351 annis
1346 1289 1418 1372 post
1442 1271 1538 1350 Athe

352 1398 402 1460 nis
431 1415 540 1461 rerum
570 1397 671 1458 status
702 1391 858 1469 obtinuit,
890 1412 965 1456 oum
987 1390 1165 1458 nobilitatis
1188 1395 1314 1458 sectarii
1336 1392 1457 1458 famosa
1479 1390 1536 1457 illa

353 1501 391 1567 de
424 1501 545 1567 hermia
577 1496 737 1564 mutilatis
771 1499 999 1584 mysteriisque
1027 1498 1199 1583 profanatis
1229 1502 1413 1584 quaestione
1445 1497 1537 1564 classi

353 1629 433 1695 quae
463 1609 498 1673 in
528 1604 671 1672 Siciliam
700 1604 891 1672 mittebatur
920 1604 1140 1690 praeciderunt
1161 1627 1251 1692 spem
1274 1605 1438 1683 vincendi,
1463 1626 1538 1691 quo

352 1718 441 1780 niam
470 1716 616 1780 revocato
646 1709 809 1777 Alcibiade
840 1711 999 1797 expeditio
1029 1717 1097 1776 tota
1119 1732 1157 1777 er
1179 1711 1289 1778 Niciae
1312 1714 1441 1778 arbitrio
1464 1733 1536 1798 pen-

352 1820 461 1898 debat,
494 1821 550 1905 qui
578 1819 613 1883 vi
643 1822 770 1882 coactus
799 1816 880 1882 hanc
910 1818 1105 1902 provinciam
1133 1820 1169 1883 in
1197 1840 1231 1884 se
1253 1824 1423 1905 receperat.
1447 1816 1536 1883 Tunc

225 1949 227 1957 ·
351 1948 477 2014 quoque
507 1922 629 1991 multos
658 1924 793 1990 Athenis
816 1922 993 1989 recordatos
1016 1945 1084 1990 ease
1107 1923 1383 1992 Pisistratidarum
1405 1946 1535 1992 novam-

290 2043 293 2048 '
351 2054 412 2120 qua
442 2033 596 2097 metuisse
619 2029 839 2117 tyrannidem,
863 2030 933 2095 fuse
958 2030 1054 2097 refert
1078 2029 1279 2119 Thucydides
1293 2030 1328 2115 ³).
1361 2032 1404 2098 Et
1428 2054 1535 2118 quem·

351 2138 524 2206 admodum
554 2135 658 2202 clades
689 2134 863 2202 Siciliensis
892 2157 972 2202 anno
993 2134 1057 2201 411
1082 2141 1204 2225 peperit
1227 2140 1534 2227 quadringentorum

351 2245 617 2321 dominationem,
650 2245 694 2308 sic
724 2243 784 2309 hoc
815 2263 939 2329 quoque
969 2241 1121 2329 tempore
1135 2244 1381 2312 Atheniensibus
1404 2245 1535 2332 Spartae

351 2351 531 2417 faventibus
562 2350 689 2415 attritae
720 2350 860 2414 civitatis
892 2351 977 2414 vires
1001 2370 1090 2435 spem
1114 2350 1256 2416 fecerunt
1279 2350 1380 2437 plebis
1403 2350 1536 2418 insolen-

351 2460 433 2522 tiam
456 2493 499 2507 -
522 2460 561 2521 ut
581 2454 794 2541 loquebantur
819 2491 859 2503 -
885 2455 1105 2541 compescendi
1117 2454 1154 2538 ⁴).

362 2545 365 2553 ⁵
395 2563 480 2628 Nam
510 2563 544 2626 in
573 2561 689 2626 horum
719 2561 889 2626 hominum
919 2564 1035 2628 animis
1059 2566 1202 2649 partium
1225 2564 1372 2629 studium
1394 2584 1536 2629 amorem

350 2671 471 2758 patriae
501 2673 568 2733 tam
598 2669 725 2753 penitus
749 2669 926 2733 extinxerat
947 2673 985 2733 ut
1008 2670 1046 2734 ab
1070 2670 1215 2736 hostibus
1239 2673 1408 2737 victoriam
1431 2691 1536 2756 repor-

351 2778 413 2842 tari
436 2774 570 2841 mallent
594 2794 692 2859 quam
714 2794 733 2839 a
756 2777 822 2840 suis
846 2775 970 2840 civibus
992 2779 1077 2862 parti
1098 2776 1246 2863 populari
1269 2777 1413 2843 addictis.
1434 2774 1534 2844 Cuius

350 2885 397 2948 rei
427 2881 520 2969 plura
551 2883 734 2947 testimonia
763 2902 827 2946 non
857 2884 998 2968 requiret
1029 2886 1141 2969 opinor
1171 2886 1227 2970 qui
1257 2883 1372 2972 legerit
1405 2883 1534 2970 qualem

351 2996 493 3056 mentem
522 2987 598 3052 oiri
614 2988 815 3071 ,caedecatitae
838 2989 971 3054 Athenis
990 2990 1089 3056 fuisse
1113 2996 1232 3057 aestate
1255 2993 1329 3056 anni
1352 2990 1435 3070 425,
1461 3012 1535 3057 cum

351 3095 429 3165 Cleo
449 3094 585 3182 -Pylum
614 3095 774 3181 profectus
804 3099 868 3178 est,
902 3094 1104 3183 Thucydides
1137 3098 1267 3164 candide
1300 3097 1472 3164 admodum
1503 3102 1535 3164 et

351 3207 474 3290 aperte,
495 3207 528 3268 et
546 3203 593 3266 ita
611 3205 650 3266 ut
667 3200 811 3267 ostendat
829 3203 964 3268 minime
984 3205 1091 3289 turpia
1110 3204 1172 3269 sibi
1190 3203 1293 3271 videri
1311 3226 1391 3291 quac
1410 3205 1532 3282 referat,

349 3312 384 3376 in
406 3308 488 3374 libro
511 3306 569 3371 11Ῑ0
592 3305 810 3373 Historiarum
832 3310 959 3395 scripsit
982 3331 1009 3376 c.
1034 3308 1077 3376 28
1101 3309 1170 3396 §bt
1191 3311 1324 3376 mercar
1341 3311 1534 3376 Athenienses

355 3414 472 3480 Odeoais
497 3413 766 3499 causiloqocatiaos,
788 3416 842 3480 sed
858 3416 1106 3498 prudentioribus
1128 3439 1188 3482 νον
1210 3418 1361 3500 inpiatum
1374 3417 1449 3503 fait
1472 3417 1535 3482 ciue

351 3528 531 3605 acceptans,
562 3518 774 3602 iateddcpcboat
804 3521 881 3585 euim
910 3529 964 3586 aad
997 3522 1101 3587 Odeoac
1129 3545 1161 3588 ac
1190 3525 1246 3588 dac
1280 3523 1430 3588 occasione
1465 3523 1536 3587 bibe·

351 3637 448 3694 rotam
485 3625 529 3691 iri
567 3663 610 3675 —-
649 3629 676 3691 si
718 3629 785 3713 ipse
819 3647 895 3693 oum
929 3631 995 3695 suis
1030 3632 1131 3716 copiis
1165 3632 1199 3695 in
1233 3629 1444 3715 Peloponnesi
1480 3648 1535 3695 ora

350 3739 470 3824 periret
503 3769 546 3784 —
581 3734 617 3816 id
645 3735 724 3820 qaod
753 3737 896 3819 optabant
924 3759 1012 3816 amre,
1045 3744 1098 3801 oct
1120 3739 1198 3824 fore
1227 3744 1261 3802 ot
1291 3737 1534 3802 Lacedaemoniis

349 3842 515 3928 superiores
538 3841 652 3925 flereat
673 3840 736 3924 ipsi
748 3843 785 3924 ὅ).
810 3840 893 3912 Boni
915 3843 950 3908 hi
973 3844 1053 3923 viri,
1079 3846 1135 3930 qui
1157 3865 1238 3910 anno
1262 3842 1327 3911 425
1350 3843 1534 3912 maluerunt

385 4071 409 4135 1)
431 4069 492 4127 τοὺς
513 4065 649 4131 προδόντας
666 4065 730 4117 risi
746 4065 844 4136 Θρᾴκης
861 4068 933 4136 Vesp.
951 4085 986 4121 rs.
1005 4070 1067 4131 288,
1085 4071 1145 4130 τοὺς
1162 4071 1280 4138 ξυνόντας
1297 4068 1405 4138 Βρασίδᾳ
1422 4088 1458 4122 rs.
1476 4068 1533 4124 471.

353 4153 510 4220 Thucydidem
530 4153 593 4203 bano
616 4152 647 4201 ob
669 4168 768 4202 oausam
790 4153 816 4203 in
837 4153 939 4204 exilium
962 4153 1050 4204 abiisse
1074 4170 1137 4204 anno
1160 4155 1209 4205 424
1233 4155 1384 4220 sequentisre
1402 4155 1487 4216 initio,
1504 4171 1532 4205 ex

350 4236 426 4303 ipsius
443 4233 522 4285 sorbis
538 4234 569 4298 (V
586 4235 618 4284 26
637 4239 648 4297 §
662 4235 685 4297 5)
702 4235 728 4284 in
745 4235 832 4300 vulgus
849 4242 934 4286 notum
952 4242 995 4286 est

383 4319 408 4383 2)
430 4316 601 4384 Compluribus
624 4316 758 4382 vesparum
780 4317 841 4368 locis
863 4319 941 4385 magis
964 4318 1075 4370 minusve
1097 4325 1180 4387 sparte
1202 4320 1228 4370 id
1251 4320 1343 4370 dictum
1365 4326 1412 4380 ost;
1431 4320 1480 4372 rid.
1498 4336 1534 4371 rs.

349 4404 407 4463 464,
425 4398 474 4453 481
490 4417 542 4466 sqq.

384 4484 410 4546 8)
426 4482 534 4549 Thnoyd.
551 4481 587 4530 VI
606 4481 638 4530 54
654 4497 706 4547 sqq.

382 4569 407 4630 4)
429 4567 473 4615 ris
494 4561 637 4627 κατάρατον
664 4560 740 4626 δῆμον
764 4563 895 4624 Ἀθηναίων
919 4564 1005 4632 ὀλίγον
1028 4567 1115 4630 χρόνον
1139 4566 1224 4631 ὕβριος
1243 4563 1331 4632 ’lexeis
1348 4567 1374 4619 id
1391 4573 1491 4619 vocatur
1508 4566 1534 4618 in

350 4649 441 4700 Critias
458 4649 557 4714 eiusque
574 4646 695 4697 sodalium
714 4648 853 4715 epitaphio,
873 4649 949 4700 schol.
967 4649 1111 4721 Aeschini
1129 4651 1169 4702 89.

385 4733 409 4795 b)
430 4733 484 4790 τοῖς
508 4728 531 4781 δ’
549 4729 684 4789 Ἀθηναίοις
702 4726 805 4782 ivisses
823 4731 869 4795 peis
888 4749 914 4783 το
932 4731 976 4784 ssi
991 4731 1105 4797 simae
1121 4736 1154 4800 ‘td
1172 4732 1327 4802 κουφολογίᾳ
1344 4731 1436 4792 sisoi,
1453 4731 1534 4797 dopt-
