3538 5536
606 1407 1058 1494 PROLEGOMENA.

820 1915 846 1980 Ι.

286 2096 461 2183 Vesperum
491 2104 720 2185 argumentum
751 2101 945 2164 enarraturis
972 2101 1061 2185 prius
1085 2099 1223 2163 breviter
1246 2102 1321 2162 srmt
1344 2118 1427 2162 eom-

239 2204 405 2289 pleetenda
437 2226 517 2290 qnae
549 2211 644 2291 poeta
667 2212 740 2271 ante
762 2206 842 2272 hano
866 2205 1010 2271 fabulam
1034 2226 1142 2270 scenae
1165 2206 1369 2269 commissam
1392 2206 1427 2267 in

239 2331 298 2376 sua
321 2317 388 2376 arte
410 2314 580 2397 praestitit.
604 2313 696 2377 Anno
718 2290 823 2400 igitur
847 2309 945 2395 42817
969 2315 1109 2398 primam
1129 2312 1326 2378 comoediam
1345 2332 1427 2377 oom-

238 2420 346 2503 posuit
376 2418 589 2496 Daedalemee,
622 2440 702 2504 quae
733 2420 835 2485 alieno
867 2422 996 2485 nomine
1025 2422 1060 2483 in
1083 2424 1243 2484 certamen
1264 2420 1427 2503 proposita

241 2531 273 2589 et
304 2525 441 2590 seeundo
464 2528 607 2610 praemio
631 2531 740 2591 ornata
763 2533 822 2592 est.
847 2525 1000 2611 Sequenti
1022 2547 1098 2592 vero
1122 2546 1203 2590 anno
1227 2522 1334 2590 multo
1357 2544 1428 2610 gra-

242 2633 364 2696 viorem
395 2634 564 2697 materiem
596 2633 795 2698 tractandam
818 2634 879 2698 sibi
903 2635 1020 2697 sumsit
1043 2635 1077 2697 in
1100 2631 1279 2715 Babyloniis
1301 2630 1425 2708 fabula,

239 2758 302 2822 qua
325 2738 498 2803 ostendisse
522 2759 554 2803 se
579 2739 688 2824 „quali
711 2741 847 2825 imperio
873 2738 1010 2825 populus
1034 2738 1238 2804 Atheniensis
1260 2742 1371 2802 utatur
1393 2738 1427 2800 in

241 2844 361 2909 soei0s”
386 2838 454 2930 ip'se
478 2844 636 2931 gloriatur
658 2844 795 2910 Acharn.
819 2867 867 2910 vs.
892 2845 967 2924 642.
991 2844 1143 2909 Finierat
1165 2846 1253 2909 enim
1275 2845 1374 2908 sooios
1393 2845 1428 2906 in

235 2953 376 3036 'pistrino
400 2950 523 3016 domini
541 2951 641 3016 Attioi
661 2951 820 3018 serviliter
838 2951 1034 3030 laborantes,
1054 2958 1086 3017 et
1106 2947 1257 3018 Cleonem
1275 2948 1429 3034 produxe

241 3064 291 3122 rat
323 3057 402 3122 furti
433 3060 618 3124 eonviotum
646 3061 835 3144 rapinasque
866 3078 940 3123 suas
963 3060 1004 3123 in
1035 3078 1128 3123 soene
1158 3076 1321 3122 revomere
1344 3074 1429 3120 eoae·
1481 3073 1484 3080 ·

240 3161 358 3244 tum¹).
378 3162 466 3230 Haeo
483 3169 592 3230 autem
610 3165 753 3242 dominii,
772 3186 834 3251 quo
851 3167 952 3230 socios
970 3163 1193 3250 opprimebant
1208 3162 1427 3238 Athenienses,

241 3272 351 3358 imago
375 3271 586 3336 viridissimis
610 3271 766 3338 coloribus
790 3272 956 3350 distinata,
981 3292 1061 3356 quae
1083 3271 1211 3356 magnis
1229 3267 1428 3334 Liberalibus

242 3379 317 3441 anni
338 3375 435 3458 42716
456 3383 579 3458 (mense
598 3378 718 3443 Martio
738 3382 813 3444 anni
832 3377 912 3456 426)
933 3398 1042 3443 saonae
1061 3383 1109 3442 est
1129 3378 1315 3452 commissa,
1333 3394 1428 3460 quan-

239 3490 313 3548 tum
350 3485 463 3549 siverit
497 3484 606 3548 odium
641 3485 733 3551 focile
767 3483 1005 3572 intellegimus;
1042 3504 1118 3548 nam
1153 3482 1252 3547 multi
1286 3502 1326 3547 111
1359 3479 1426 3545 illis
1518 3477 1521 3484 ’

242 3591 353 3667 sociis,
381 3592 436 3675 qui
459 3589 539 3655 vilia
561 3590 664 3676 plebis
686 3591 891 3656 Atheniensis
914 3592 1073 3676 mancipia
1096 3590 1308 3666 vocabantur,
1332 3588 1429 3652 Athe

242 3699 291 3760 nis
323 3696 469 3779 aderant,
503 3719 565 3782 quo
589 3698 640 3763 his
662 3701 742 3784 ipsis
765 3698 876 3764 diebus
899 3718 1003 3763 annua
1025 3717 1157 3763 suarum
1180 3698 1350 3761 civitatum
1374 3696 1429 3758 tri-

243 3803 321 3868 buta
344 3801 541 3880 detulerant,
561 3810 592 3870 et
610 3827 695 3869 nune
714 3807 749 3868 in
768 3805 892 3870 theatro
912 3805 1106 3882 assidebant;
1128 3804 1299 3889 quominus
1319 3806 1428 3866 autem

241 3911 305 3974 ioci
328 3915 457 3974 tantum
482 3930 577 3975 causa
599 3910 676 3976 talia
698 3910 778 3996 fingi
800 3932 902 3996 neque
925 3909 1010 3975 fellis
1034 3912 1205 3995 quiequam
1228 3907 1310 3973 sales
1333 3909 1429 3973 eomi-

242 4000 306 4080 eos'
323 4015 499 4080 admistum
528 4015 644 4082 habere
675 4017 852 4096 eraderent,
885 4016 1030 4082 obstabat
1052 4036 1118 4080 sors
1141 4013 1347 4091 Lesbiorum,
1373 4015 1430 4098 qui
1531 4033 1532 4036 ¹

242 4124 276 4186 vi
309 4143 411 4206 nuper
443 4124 572 4187 oodreiti
602 4125 669 4188 iam
692 4126 727 4188 in
750 4145 808 4189 sua
830 4125 974 4208 ipsorum
997 4120 1102 4187 insula
1124 4119 1427 4206 peregrinabantur,

244 4233 275 4292 et
306 4249 362 4314 per
395 4225 546 4294 Cleonem
578 4231 605 4293 si
636 4232 793 4309 stetisset,
827 4229 866 4295 ad
897 4250 1000 4294 unum
1033 4248 1143 4293 omnes
1166 4228 1271 4292 necati
1293 4225 1429 4291 fuissent

241 4333 295 4400 vel
324 4336 510 4399 veniissent.
542 4334 740 4424 Quapropter
771 4335 856 4401 ultra
886 4335 964 4401 fines
992 4335 1138 4401 licentiae
1165 4333 1336 4400 Baoohieae
1359 4354 1429 4398 oon-

242 4460 343 4505 111111
365 4439 430 4505 late
453 4443 634 4526 expatiatus
657 4463 724 4507 esse
747 4441 915 4507 videbatur
938 4447 1032 4527 poeta
1050 4440 1318 4528 Babyloniorum,
1331 4429 1428 4503 etna-

252 4593 449 4601 ...ο-.-

277 4669 301 4729 1)
323 4669 433 4734 Apparet
456 4667 502 4717 hoo
527 4635 556 4715 ax
580 4667 686 4716 tharn.
704 4683 738 4730 vs,
759 4666 786 4727 53
805 4665 933 4716 videantur
952 4683 1013 4732 quae
1032 4667 1063 4715 ad
1080 4667 1152 4716 illum
1169 4667 1251 4716 looum
1270 4667 1386 4716 annotavi
1403 4665 1429 4716 in

245 4749 349 4800 editions
367 4767 422 4800 maa
442 4748 634 4798 thamensinm
652 4755 677 4798 et
695 4749 759 4798 infra
777 4750 809 4798 ad
826 4748 898 4814 Vasp.
916 4765 951 4798 vs.
971 4748 1019 4800 757
1037 4765 1089 4814 sqq.
