3538 5536
868 603 999 652 VESPAE.

808 782 1061 838 ΚΟΡΤΦΑΙΟΣ.

471 891 554 956 οὐδὲν
578 891 694 958 πείσει·
720 893 813 971 μηδὲν
838 893 948 976 δείσηι.
974 893 1050 960 ἀλλ’
1075 889 1096 958 ἀ
1120 892 1270 969 βέλτιστε
1294 893 1391 959 καθίει

473 998 585 1065 σαυτδν
610 1000 719 1080 θαρρῶν
741 999 976 1078 κάπευξάμενος
1001 1009 1078 1066 τοῖσι
1102 1000 1267 1084 πατρῴοισι
1290 1003 1407 1066 θεοῖσιν.

796 1130 1069 1188 ΦΙΛΟΚΛΕΩΝ.

473 1239 494 1306 ὦ
525 1242 611 1308 Λύκε
643 1243 796 1324 δέσποτα,
828 1247 940 1322 γείτων
973 1242 1061 1325 ἥρως·
1095 1246 1132 1311 σὺ
1166 1247 1228 1327 γάρ
1260 1239 1363 1324 οίσπερ
1395 1246 1457 1323 ε’γὼ
1480 1269 1527 1310 κε-

1304 1351 1458 1434 κάουσιν,

472 1466 533 1531 τοῖς
556 1457 727 1538 δακρύοισιν
750 1465 808 1524 τῶν
832 1460 1012 1540 Φευγόντων
1035 1453 1160 1524 ἀείκαὶ
1185 1468 1249 1531 τοῖς
1276 1459 1480 1538 ὀλοφυρμοῖς·

391 1547 393 1552 ⁵
472 1563 591 1647 ᾤκησας
616 1572 689 1642 γοῦν
714 1566 854 1640 ἐπίτηδες
879 1567 927 1632 θὼν
952 1567 1081 1645 ἐνταῦθ’,
1105 1565 1153 1631 ἵνα
1179 1565 1273 1631 ταῦτ’
1297 1569 1429 1646 ἀκροῷο,

471 1673 663 1749 κάβουλήθης
689 1671 776 1749 μίνος
803 1671 898 1752 ηρύων
923 1674 1010 1752 παρά
1035 1675 1086 1736 τὸν
1110 1673 1248 1739 κλάοντα
1275 1676 1442 1747 καθῆσθαι·

1039 1833 1330 1842 —————--——-.—

369 1907 425 1956 389.
443 1903 540 1974 οἷσπερ]
559 1907 639 1971 ύσπερ
658 1909 741 1960 Cobet.

1091 2049 1136 2056 ὰσ-

336 2129 392 2172 sunt
415 2125 529 2184 cancelli,
552 2124 616 2174 iutra
639 2143 697 2191 quos
718 2128 785 2177 sedes
804 2133 860 2177 sunt
877 2128 912 2176 iu·
983 2155 1018 2165 -
1035 2127 1187 2195 κεχάρησαι]
1205 2129 1301 2194 poetica
1317 2131 1395 2179 forma
1413 2145 1456 2195 pro
1470 2127 1528 2192 χαί-

314 2236 317 2241 r
335 2207 429 2255 dicibus
444 2208 490 2266 ;cf.
508 2223 542 2256 rs.
563 2209 610 2256 552
628 2215 652 2258 et
670 2209 717 2258 830
735 2209 866 2271 (Fritzsohe
882 2211 911 2259 de
952 2227 1011 2271 ρεις,
1032 2212 1061 2260 cf.
1080 2208 1210 2268 δεδόκησαι
1228 2229 1262 2262 vs.
1282 2211 1337 2264 726.

335 2289 432 2338 Dastal.
450 2306 474 2354 p.
492 2291 557 2352 125).
580 2291 655 2340 Recte
675 2294 826 2358 comparavit
842 2293 912 2342 Rich·
985 2295 1041 2342 390.
1069 2292 1219 2360 δακρύοισιν]
1246 2296 1310 2360 apud
1336 2294 1427 2344 iudices
1454 2293 1528 2342 Athe·

335 2378 400 2420 terus
432 2372 580 2422 adiectirum
606 2372 759 2437 ναύφοιρκτος
785 2376 845 2425 hch.
871 2377 910 2425 95.
950 2376 1044 2426 nienses
1058 2378 1194 2441 frequenter
1202 2395 1245 2442 pro
1255 2378 1403 2442 argumentis
1412 2377 1527 2426 lacrimae

336 2443 414 2505 lanua
429 2456 591 2506 cancellorum
603 2458 736 2506 vocabatur
745 2459 852 2521 κιγκλίς,
862 2459 910 2508 vid.
950 2460 1053 2523 proferri
1080 2461 1191 2509 solebant
1220 2466 1245 2510 et
1267 2461 1400 2510 identidem
1427 2475 1529 2508 recurre·

337 2555 371 2587 vs.
391 2539 446 2587 124.
471 2537 554 2588 Etiam
577 2545 674 2589 senatus
697 2547 828 2590 conventus
847 2541 911 2591 intra
950 2543 993 2592 bat
1016 2543 1079 2592 illud
1105 2541 1192 2604 δέομαι
1219 2540 1260 2591 καὶ
1284 2539 1386 2591 ἱκετεύω
1404 2539 1446 2590 καὶ
1463 2541 1529 2590 ἀντι-

337 2619 490 2683 δρυφάκτους
505 2619 615 2683 κιγκλίδι
630 2623 738 2672 occlusos
748 2625 910 2683 fiebant,vid.
951 2627 1031 2686 βολά,
1056 2626 1085 2674 cl.
1109 2643 1144 2676 rs.
1164 2627 1210 2674 555
1229 2632 1253 2676 et
1271 2627 1327 2675 882.
1351 2625 1388 2675 De
1405 2625 1527 2675 flebilibus

336 2703 381 2768 Eq.
399 2704 446 2752 641
465 2709 490 2753 et
508 2704 563 2756 675.
950 2709 1142 2772 perorationibus
1168 2709 1323 2774 iudicumque
1349 2714 1430 2757 mente
1457 2706 1528 2766 odio,

369 2787 438 2852 888]
470 2788 501 2837 ol.
523 2803 604 2852 preces
628 2788 757 2853 Euripidis
776 2791 837 2839 Ran.
862 2791 908 2840 891
950 2797 1031 2851 metu,
1049 2793 1128 2856 gratia
1145 2792 1248 2856 aliisque
1262 2791 1388 2841 affectibus
1405 2789 1528 2839 aiustitia

335 2883 387 2933 sqq.
950 2874 1106 2923 alienissimis
1131 2891 1202 2938 saepe
1227 2874 1352 2938 perculsa,
1375 2874 1448 2938 digna
1466 2888 1527 2938 quae

369 2952 489 3016 389⁸qu
515 2952 569 3017 lupi
594 2954 699 3018 imagine
725 2955 857 3020 symbolice
883 2960 911 3005 ut
950 2956 1062 3020 legantur
1086 2974 1098 3004 e
1123 2956 1195 3021 Lysia
1216 2956 1378 3006 Demosthene
1401 2957 1457 3006 aliis
1475 2972 1528 3004 con-

335 3035 405 3083 aiuut
426 3037 652 3099 repraesentabatur
667 3038 740 3087 homo
757 3037 854 3103 piaculo
871 3039 911 3087 oh·
950 3039 1024 3102 gessit
1055 3039 1204 3103 Frohberger
1235 3039 1261 3088 in
1292 3039 1469 3104 prolegomenis
1495 3039 1526 3087 ad

334 3118 431 3167 strictus
449 3123 474 3167 et
490 3118 584 3182 fugiens
598 3121 630 3180 ¹);
645 3120 815 3185 antiquissima
828 3127 911 3170 autem
950 3121 1048 3186 Lysiam
1066 3138 1089 3186 p.
1110 3122 1150 3181 12,
1168 3120 1199 3173 73
1218 3128 1242 3171 et
1259 3122 1307 3172 vol.
1322 3123 1349 3170 11
1363 3139 1387 3186 p.
1404 3123 1443 3170 10.
1458 3123 1528 3170 Acer·

334 3200 425 3249 iudicia
448 3201 563 3265 quoniam
584 3201 614 3250 de
636 3202 708 3251 coede
725 3204 836 3263 luerunt,
853 3203 911 3252 hinc
950 3204 1008 3253 hum
1023 3205 1153 3254 admodum
1168 3205 1197 3254 da
1212 3205 1323 3254 heliastis
1337 3205 1456 3254 iudicium
1467 3205 1527 3254 tulit

332 3283 359 3332 ni
377 3283 451 3331 fallor
468 3283 637 3348 explicandum
654 3290 691 3332 est
708 3285 734 3334 id
752 3286 816 3350 quod
836 3292 911 3335 rcttu·
949 3287 1068 3335 Isocrates
1091 3286 1134 3334 XV
1152 3287 1284 3348 §19-23.
1315 3287 1429 3336 Videatur
1451 3287 1525 3336 etiam

332 3365 364 3414 lit
381 3364 553 3415 Eratosthenes
570 3366 605 3427 (in
621 3367 714 3416 scholio
730 3373 755 3416 et
768 3369 834 3432 apud
849 3368 912 3416 Har·
949 3370 1062 3418 Aeschin.
1081 3370 1093 3419 I
1111 3368 1180 3430 §178
1205 3365 1229 3416 ἐν
1247 3371 1305 3426 ταῖς
1323 3367 1467 3427 ἐκκλησίαις
1485 3355 1527 3416 καῖ

227 3453 230 3459 ’
334 3464 400 3512 poor.
423 3465 442 3496 s.
460 3463 483 3498 v.
508 3445 639 3512 δεκάζειν),
662 3465 736 3514 prope
760 3451 856 3514 singula
877 3451 911 3500 di·
950 3453 1002 3508 τοῖς
1020 3449 1186 3512 δικαστηρίοις
1204 3450 1327 3509 πολλάκις
1344 3451 1465 3514 ἀφέμενοι.
1477 3455 1526 3498 τάν

335 3530 438 3579 casteria
464 3530 567 3579 Athenis
584 3531 658 3600 fuisse
677 3533 794 3582 sacellum
811 3531 910 3595 (ἡρῷον),
949 3533 983 3591 είς
1015 3531 1078 3583 αύτδ
1111 3535 1141 3582 τδ
1168 3538 1275 3597 πρᾶγμα
1300 3535 1380 3596 λύγων
1407 3532 1454 3582 ἀπὸ
1481 3534 1527 3590 τῆς

335 3613 377 3662 ubi
400 3613 526 3663 colebatur
548 3613 640 3678 Lycus,
658 3614 712 3679 lupi
728 3615 832 3679 speciem
852 3617 911 3665 refe·
949 3615 1051 3674 ἀπάτης
1068 3615 1110 3664 κοιῖ
1127 3620 1176 3668 τῶν
1193 3614 1406 3681 ἀλαζονευμάτων
1421 3612 1526 3678 ἀγεσθε,

333 3712 387 3745 rens
405 3698 459 3758 (πού
477 3695 555 3764 θηρίου
573 3695 666 3758 μορφὴν
684 3693 769 3759 ίχων).
787 3698 911 3748 Heliasta·
949 3697 991 3746 καὶ
1023 3695 1122 3746 πάντων
1148 3696 1304 3746 ἀδικώτατον
1331 3695 1383 3754 ’ἔθος
1408 3695 1442 3754 είς
1468 3696 1526 3753 τούς

333 3796 387 3829 rum
404 3779 479 3843 igitur
495 3785 611 3844 patronus
627 3785 699 3844 atque
714 3780 815 3830 antistes
830 3781 909 3846 Lycus
949 3778 1048 3843 ἀγῶνας
1078 3778 1267 3843 παραδέχεσθε·
1302 3776 1362 3829 ἔάτε
1392 3780 1441 3843 γάρ
1466 3779 1526 3836 τούς

332 3878 375 3927 per
399 3862 480 3911 iocum
506 3862 553 3911 dici
579 3868 689 3926 poterat,
719 3869 801 3911 noster
826 3869 909 3912 autem
948 3861 1166 3924 ἀπολογουμένους
1183 3862 1386 3924 ἀντικατηγορεῖν
1402 3865 1451 3908 τῶν
1468 3877 1528 3910 κατ-

333 3961 415 3994 versus
433 3950 511 4006 etrs.
521 3945 569 3992 819
585 3949 667 4008 aperte
682 3945 812 3994 ostendunt
828 3963 909 3995 senam
947 3943 1108 4006 ηγορσύντων.
1134 3946 1200 4010 Quin
1223 3946 1296 3995 Plato
1321 3945 1347 3993 in
1376 3949 1527 3994 contemnen—
1550 3936 1553 3941 ¹

332 4028 421 4090 fingere
435 4026 482 4076 sibi
495 4043 544 4075 non
557 4027 664 4090 potuisse
678 4024 834 4088 δικαστήριον
845 4029 908 4092 quod
949 4027 985 4076 dis
1002 4027 1124 4076 iudicibus
1142 4029 1231 4078 Atticis
1249 4045 1277 4078 eo
1295 4033 1423 4092 provectus
1441 4033 1478 4076 est
1499 4032 1527 4075 ut

333 4109 392 4174 Lyci
409 4109 499 4158 sacello
516 4115 615 4158 careret.
636 4135 671 4146 -
693 4108 866 4159 Polemarchus
884 4109 908 4158 ἐν
949 4116 1026 4159 artem
1045 4126 1126 4159 coram
1144 4110 1174 4158 iis
1193 4111 1326 4160 orationem
1345 4110 1451 4158 habendi
1465 4125 1527 4158 com·

333 4195 369 4253 τῷ
389 4190 534 4252 Ἐπιλυκείορ
552 4207 623 4240 suum
639 4191 714 4240 habet
730 4193 852 4253 tribunal,
868 4193 909 4242 sed
948 4198 1045 4256 pararet
1062 4208 1116 4240 cum
1134 4192 1272 4256 viperarum
1286 4190 1526 4251 incantatione,-11u-

333 4273 459 4339 [Aristot]
482 4274 512 4323 de
535 4274 595 4338 Rep.
613 4273 702 4323 Athen.
722 4275 736 4322 3
754 4281 829 4339 negat
845 4275 908 4325 illud
948 4275 1055 4340 thylem.
1074 4275 1155 4324 29οα.

332 4373 420 4406 nomen
446 4372 500 4405 oum
526 4355 587 4421 Lyci
613 4357 710 4406 nomine
736 4358 909 4417 cohaerere‚a
983 4358 1038 4406 391.
1066 4355 1193 4424 ἐπίτηδες]
1220 4359 1337 4417 consulto,
1360 4357 1419 4406 data
1441 4373 1511 4422 opera
1517 4377 1527 4414 ;

332 4440 487 4505 polemarcho
502 4439 609 4505 Ειρίίροο,
624 4439 666 4504 qui
682 4440 708 4504 id
723 4440 907 4500 restauraverit,
947 4441 1007 4490 item
1025 4442 1070 4507 llq.
1088 4442 1216 4502 κοκκύσω,
1231 4442 1305 4501 1135,
1321 4441 1385 4489 1184
1403 4440 1460 4490 Pac.
1470 4439 1526 4499 142,

332 4529 443 4588 repetens
459 4522 518 4588 ipse.
949 4523 1005 4584 744,
1024 4525 1071 4573 931
1091 4525 1187 4573 Thesm.
1208 4525 1254 4572 546
1273 4522 1340 4572 Eccl.
1359 4523 1415 4571 118.

334 4647 524 4659 -1—=-———

370 4730 391 4790 ¹)
409 4727 446 4779 cf.
463 4728 612 4778 Schoemann
631 4728 673 4779 Gr.
689 4729 857 4779 Alterthiimer
874 4731 900 4779 ΙΙ
917 4747 942 4796 p.
961 4729 1018 4780 252.
