3538 5536
596 1319 1062 1404 ΑΡΙΣΤΟΦΑΝΟΤΣ

491 1531 1169 1676 ΣΦΗΚΕΣ.

820 1830 921 1838 —u-

425 2004 492 2072 TA
518 2001 617 2076 ror
644 2003 937 2078 ΔΡΑΜΑΤΟΣ
958 2003 1232 2079 ΠΡΟΣΩΠΑ.
1284 1954 1287 1960 ’

548 2193 670 2267 ΣωσΙως
740 2243 744 2252 .
770 2257 778 2279 ,
808 2255 814 2278 ,

547 2316 674 2388 Ξανθίας
754 2257 1104 2330 ornamentisque.

547 2438 748 2505 Βδελυκλέων.

547 2560 729 2626 Φιλοκλέων.

546 2681 634 2762 Χορός
660 2683 807 2763 γερόντων
831 2687 967 2763 σφηκῶν.

544 2812 624 2876 ssata
650 2805 711 2877 ἑνὸς
736 2812 792 2870 τῶν
817 2807 979 2884 χορευτῶν.

546 2927 715 3004 Evandrus
739 2950 786 3000 τις
812 2927 872 3010 (vs.
900 2925 986 2991 1332
1012 2931 1105 3011 sqq).

546 3047 747 3126 Ἀρτόπωλνς.
890 3051 892 3054 ’

545 3173 677 3246 Πολίτης
702 3195 760 3244 τος.

274 3290 422 3355 Personae
444 3292 570 3356 tacitae:
601 3293 708 3358 Pueri.
740 3292 840 3358 Serri.
872 3293 942 3358 Duo
965 3313 1056 3358 eanss
1080 3313 1155 3356 eum
1177 3287 1341 3356 nonnullis
1366 3308 1413 3353 oa-

228 3412 305 3477 tulis
320 3410 356 3491 ¹).
386 3412 494 3479 Testes
524 3417 558 3479 in
588 3414 646 3480 lita
675 3415 823 3481 Lachetis
849 3415 985 3480 adhibiti
997 3413 1033 3494 9).
1060 3413 1210 3478 Tibicina.
1239 3410 1413 3478 Convivas.

228 3531 444 3620 Chaerephou.
457 3534 560 3602 Testis
572 3542 632 3614 (vs.
648 3535 733 3601 1415
743 3543 834 3622 sqq).
847 3536 923 3602 Tros
936 3536 1100 3601 saltatores
1112 3539 1173 3615 (rs.
1189 3505 1275 3598 1500
1285 3537 1366 3618 sqq.)
1379 3531 1415 3611 3).

242 3817 250 3834 ·
271 3787 370 3851 Actor
391 3773 515 3872 primus
539 3786 741 3868 Xouthiow)
766 3795 797 3853 et
820 3787 932 3853 deinde
957 3787 1174 3850 Ρλνίοοίοοννονο
1198 3788 1278 3872 agit.

180 3978 184 3986 ,
272 3908 368 3972 Actor
391 3909 547 3973 secundus
571 3908 781 3993 Bdeqtoleoaie
805 3915 910 3994 partes
934 3911 1003 3994 agit
1015 3910 1052 3989 ὅ).

260 4152 284 4214 1)
300 4151 335 4200 Hi
353 4167 500 4216 quamquam
517 4168 566 4200 non
581 4152 722 4216 loquuntur,
739 4168 788 4200 non
805 4157 887 4201 tamen
904 4152 978 4202 taeite
997 4152 1094 4201 omnino
1111 4159 1192 4216 partes
1209 4167 1265 4200 suas
1283 4155 1414 4215 peragunt,
1436 4217 1438 4219 Ι

226 4234 268 4282 sed
285 4233 414 4298 aliquoties
431 4234 524 4282 latrant
542 4239 615 4298 atque
634 4234 734 4284 eiulant.

260 4317 284 4378 2)
300 4316 336 4365 De
353 4316 463 4365 ridiculis
480 4317 546 4365 hisee
564 4317 667 4366 testibus
687 4318 716 4365 ef.
735 4333 770 4365 vs.
789 4317 837 4365 940
846 4333 897 4382 sqq.

260 4401 284 4463 3)
300 4400 464 4450 Probabiliter
486 4401 574 4450 statuit
598 4400 666 4460 Beer,
684 4400 780 4448 sosium
797 4400 921 4460 homines,
940 4400 981 4465 qui
998 4401 1064 4465 prius
1083 4416 1170 4466 pueros
1188 4403 1413 4464 repraesentarunt,

226 4483 311 4532 deinde
329 4483 474 4533 saltatorum
490 4483 600 4548 partibus
618 4499 669 4531 esse
685 4483 831 4547 perfunctos,

259 4568 283 4628 4)
300 4565 407 4630 Excepto
425 4582 473 4614 uno
493 4582 563 4614 versu
580 4563 638 4624 457,
655 4564 697 4615 ubi
715 4565 764 4613 vid.
784 4581 845 4630 quae
864 4566 987 4615 annotavi.

261 4648 284 4710 Β)
300 4647 368 4696 Senis
391 4655 471 4712 partes
497 4647 612 4712 quoniam
633 4647 704 4710 longe
727 4653 783 4696 sunt
809 4647 968 4696 difficillimas
985 4675 1019 4686 -
1035 4648 1160 4713 requirunt
1182 4646 1246 4696 enim
1268 4644 1347 4694 virum
1364 4660 1413 4692 non

226 4729 321 4778 dicendi
347 4735 443 4779 tantum
470 4730 511 4779 sed
537 4729 611 4778 etiarn
636 4729 738 4780 canendi
762 4736 834 4794 atque
856 4729 963 4779 saltandi
987 4732 1092 4796 peritum
1109 4730 1237 4795 —primo
1262 4727 1338 4778 autori
1355 4727 1413 4791 quin
1451 4772 1455 4778 ,

1252 4826 1266 4873 l
