3538 5536
705 555 708 565 “
745 571 876 620 vusrxn.
1004 568 1005 573 ’
1310 575 1402 622 xxxv

212 741 353 805 civitatis
385 740 488 804 statui
515 738 662 825 populari
693 737 794 804 nihilo
825 741 931 826 magis
961 740 1069 807 favere
1092 762 1202 806 omnes
1226 743 1342 806 scirent
1360 735 1401 822 ¹),

213 849 281 912 sine
311 847 445 912 crimine
474 866 542 912 esse
572 845 751 910 dimissum.
785 844 896 932 ltaque
928 852 1053 912 certum
1079 847 1248 914 videbatur
1275 847 1342 913 fore
1364 852 1402 912 ut

213 974 290 1018 mox
328 955 362 1017 in
400 974 475 1018 eum
514 973 639 1039 quoque
670 955 821 1017 existeret
852 958 1032 1032 accusator,
1065 957 1121 1040 qui
1153 949 1320 1040 peculatus
1350 953 1404 1021 vel

121 1147 125 1151 .
214 1059 403 1146 proditionis
432 1079 507 1128 eum
536 1056 748 1124 insimularet.
780 1057 867 1123 Hinc
889 1062 924 1124 in
948 1058 1127 1145 Vesperum
1150 1060 1256 1127 fabule
1278 1063 1404 1147 saepius

212 1166 254 1231 lis
278 1169 309 1232 ei
330 1164 449 1231 instare
474 1165 592 1230 dicitur
605 1161 642 1244 ⁹).

230 1361 233 1370 Α
260 1273 380 1340 Utrum
411 1277 519 1338 tamen
550 1293 661 1337 revera
690 1274 725 1336 in
748 1274 799 1336 ius
823 1279 956 1338 vocatus
980 1276 1023 1339 sit
1046 1295 1159 1352 necne,
1184 1297 1246 1340 non
1270 1278 1403 1340 constat.

140 1433 142 1436 .
216 1381 252 1446 Si
278 1387 343 1458 est,
369 1378 532 1445 absolutus
556 1385 621 1457 est;
647 1378 702 1444 sed
724 1381 793 1444 ueri
817 1379 947 1444 uidetur
971 1380 1127 1458 similius,
1152 1385 1403 1459 accusationem,

215 1508 296 1575 quae
319 1489 350 1552 ei
371 1485 612 1564 intendebatur,
637 1485 676 1550 ad
699 1485 820 1551 iudices
845 1507 907 1552 non
931 1508 998 1552 esse
1023 1486 1188 1573 perlatam.
1209 1488 1294 1554 Nam
1316 1488 1405 1552 brevi

215 1600 288 1682 post
309 1592 444 1679 Vespas,
470 1592 548 1658 dum
570 1594 604 1656 in
628 1590 762 1656 Thracia
785 1593 893 1658 aberat
914 1590 1007 1671 (lleo,
1029 1594 1201 1660 Lachetem
1221 1599 1406 1661 accusatum

216 1722 283 1766 esse
317 1703 373 1765 vix
408 1699 615 1775 crediderim,
653 1697 820 1783 multoque
851 1701 958 1764 minus
989 1705 1061 1785 post
1092 1698 1218 1767 Oleonis
1250 1704 1405 1776 mortem,

216 1829 279 1895 qua
316 1807 425 1874 Niciae
459 1809 591 1891 eiusque
628 1803 788 1870 sodalibus
824 1808 950 1891 primae
983 1810 1017 1870 in
1053 1829 1119 1893 rep.
1155 1804 1407 1872 administranda

215 1921 320 2000 partes
349 1918 424 1978 sunt
455 1912 593 1990 delatae;
625 1917 701 1976 tunc
725 1914 811 1976 enim
836 1912 992 1977 eiusmodi
1015 1915 1149 1978 crimina
1173 1917 1284 1999 sponte
1308 1914 1408 1977 conci-

218 2022 333 2087 derunt
367 2022 489 2097 omnia,
526 2023 558 2084 et
592 2017 797 2105 Pythodorus
833 2017 1083 2104 Sophoclesque,
1121 2022 1177 2104 qui
1210 2011 1337 2084 easdem
1369 2017 1409 2082 ob

217 2149 327 2196 causas
352 2126 660 2203 damnati-fuerant,
687 2127 755 2190 sive
778 2129 919 2191 reuocati
944 2134 1019 2190 sunt
1043 2129 1111 2193 sive
1133 2129 1167 2191 in
1190 2129 1328 2212 patriam
1350 2127 1409 2189 im·

218 2258 302 2323 pune
332 2234 504 2299 redierunt.
537 2231 617 2298 Vere
641 2237 750 2297 autem
775 2233 937 2297 01111421
963 2237 1047 2298 inter
1069 2236 1156 2319 pacis
1180 2227 1409 2318 subscriptores

217 2364 293 2408 cum
326 2340 529 2428 Pythodorus
560 2339 623 2403 suit
653 2345 737 2403 tum.
757 2338 894 2418 Lachcs;
921 2343 1018 2406 etiam
1050 2340 1177 2419 foedus,
1210 2340 1294 2425 quod
1318 2340 1410 2404 brevi

218 2455 290 2536 post
321 2447 531 2512 Athenienses
562 2467 638 2510 cum
669 2444 928 2511 Lacedaemoniis
959 2449 1118 2525 inierunt,
1150 2447 1355 2533 Pythodorns
1378 2450 1410 2511 et

218 2555 340 2622 Laches
363 2557 433 2619 iure
456 2552 589 2617 iurando
614 2552 840 2617 confirmarunt
855 2551 890 2638 ³).

264 2662 396 2747 lamque
420 2659 497 2726 belli
520 2657 699 2725 decennalis
723 2657 795 2724 finis
818 2665 902 2739 erat,
927 2680 1071 2747 quaeque
1090 2662 1243 2727 hactenus
1263 2663 1360 2725 armis
1379 2680 1412 2724 se

219 2771 399 2856 petiverant
429 2769 574 2832 civitates
606 2765 933 2832 Lacedaemoniorum
963 2772 1058 2852 atque
1089 2769 1336 2834 Atheniensium
1367 2788 1413 2831 so

220 2879 334 2942 eistete
365 2879 454 2961 erant
483 2875 619 2938 iunctae.
652 2871 795 2938 Rediisse
819 2875 886 2938 iam
910 2873 1101 2940 videbantur
1124 2873 1274 2940 Saturnia
1296 2894 1411 2960 regna3

221 3005 260 3048 ex
283 2984 408 3047 ensium
431 2980 513 3045 ferro
536 3000 620 3044 nunc
644 2977 739 3044 falces
763 2984 853 3045 erant
876 2966 1054 3059 cudendae,
1079 2981 1307 3067 hastarumque
1329 2986 1414 3067 post

220 3090 279 3155 hac
309 3091 342 3153 in
374 3088 475 3152 vineis
498 3093 627 3152 tantum
649 3107 728 3151 usus
751 3086 880 3152 futurus
905 3091 981 3152 erat.
1007 3087 1097 3154 Talia
1120 3089 1208 3154 fuere
1232 3091 1289 3174 qui
1312 3087 1414 3153 crede-

222 3201 310 3273 rent,
345 3197 379 3258 in
413 3194 463 3259 his
499 3192 746 3277 Aristophanes,
785 3195 877 3258 cuius
912 3197 1080 3282 ingenium
1114 3195 1256 3263 iuvenile
1292 3197 1414 3281 optima

222 3304 352 3389 quaevis
382 3303 503 3386 patriae
534 3319 609 3364 suae
641 3299 772 3385 optabat
803 3305 835 3366 et
865 3301 1022 3386 sperabat.
1046 3301 1108 3367 Sed
1131 3323 1212 3387 quae
1234 3323 1328 3368 nemo
1351 3322 1414 3366 non

222 3408 313 3475 facile
343 3411 488 3495 ignoscat
518 3411 648 3493 poetae,
680 3409 735 3472 vix
767 3413 799 3472 et
827 3428 866 3473 ne
897 3411 955 3473 uix
979 3409 1109 3495 quidem
1132 3415 1208 3474 sunt
1231 3409 1359 3474 ferenda
1380 3411 1415 3472 in

225 3577 422 3588 ,-,.-...-.--

258 3686 282 3748 1)
299 3685 459 3750 Septuaginta
475 3683 544 3733 annis
558 3689 614 3748 post
628 3683 679 3731 filio
697 3683 749 3732 eius
765 3682 897 3748 Melanopo
915 3684 1005 3734 obiecit
1019 3683 1194 3733 Demosthenes
1207 3683 1287 3732 XXIV
1302 3683 1370 3746 §lae
1380 3699 1416 3748 sq.

224 3773 318 3833 petrem
342 3767 430 3816 0010111
453 3765 547 3830 publici
565 3765 735 3830 praedatorem
753 3765 829 3814 foisse
846 3772 871 3815 et
888 3766 986 3816 omnino
1004 3764 1073 3828 ἀνδρὶ
1090 3770 1194 3830 χρηστῷ
1213 3764 1416 3829 misissetne

225 3867 299 3916 quem
318 3849 518 3900 dissimillimum.

258 3935 283 3996 2)
300 3933 427 3998 Nusquam
445 3931 535 3982 clarius
553 3947 627 3997 quam
642 3947 713 3980 versu
723 3931 772 3980 240
780 3953 785 3980 :
794 3928 871 3980 'dcem
881 3930 989 3995 Λάχητι
999 3932 1056 3982 νυνί,
1067 3971 1072 3982 .
1083 3969 1088 3982 .
1101 3970 1106 3982 .
1115 3931 1177 3995 χθὲς
1186 3926 1227 3980 οὖν
1236 3929 1319 3981 Κλέων
1328 3935 1373 4005 etp.
1386 3959 1417 3970 —

226 4019 306 4082 Quam
325 4020 494 4081 praeposteras
512 4020 594 4064 eutem
610 4014 717 4063 rationes
735 4013 761 4063 in
778 4013 966 4078 interpretandis
986 4014 1156 4080 Aristophanis
1173 4013 1419 4063 fabuliscomments·

225 4107 289 4150 tores
314 4099 375 4149 olim
398 4098 513 4158 inierint,
536 4095 626 4161 insigni
650 4096 760 4160 exemplo
783 4097 951 4146 demonstrent
974 4115 1035 4163 quae
1053 4097 1076 4147 J.
1094 4098 1194 4146 Richter
1211 4100 1283 4160 (euno
1302 4098 1376 4160 1858)
1392 4098 1419 4147 in

226 4181 359 4247 vesparum
379 4180 486 4230 editione
505 4180 617 4229 adhunc
635 4195 731 4228 versum
749 4180 889 4229 annotavit:
910 4181 1003 4241 ‚,lreri'',
1017 4180 1090 4240 dicii,
1105 4181 1419 4245 liceteam'sproeterlopeis

226 4269 334 4329 0001001.
357 4263 432 4328 Atqui
456 4263 534 4312 odium
552 4278 642 4326 semper
653 4262 732 4325 forte.
748 4260 857 4312 Credidit
874 4256 950 4326 igiter
966 4263 1004 4311 vir
1019 4263 1118 4322 doetus,
1137 4279 1184 4328 quo
1201 4279 1272 4312 nemo
1289 4263 1315 4312 in
1332 4263 1417 4313 comici

226 4346 284 4395 iocis
310 4344 460 4410 explicandis
487 4343 609 4393 infelicius
636 4349 672 4392 est
698 4349 822 4403 versatus,
847 4345 948 4393 chorum
970 4344 1078 4394 iudicum
1102 4345 1180 4395 dicere
1204 4345 1324 4410 potuisse:
1349 4361 1438 4404 „cres

227 4445 287 4478 cnmv
303 4429 409 4477 Lachete
431 4426 502 4476 nobis
525 4442 563 4475 res
588 4425 659 4481 erit”,
683 4440 738 4474 cum
762 4441 846 4474 revere
869 4427 998 4476 dicendum
1015 4428 1112 4479 fuisset:
1132 4433 1204 4486 „ente
1222 4433 1326 4493 quotuor
1344 4445 1419 4478 annos

227 4512 319 4561 Laches
341 4510 529 4575 repetundorum
553 4525 608 4558 reus
631 4507 703 4556 suit”.
728 4507 844 4558 1111011101
870 4526 953 4559 verum
971 4511 1063 4560 dudum
1080 4517 1137 4561 tunc
1154 4511 1249 4560 dixerat
1266 4511 1419 4560 Hamekerus

227 4593 348 4643 Mnemos.
373 4592 438 4641 1854
461 4608 484 4656 p.
509 4591 570 4650 2013
595 4590 653 4656 quin
678 4589 766 4640 dixeris
789 4592 842 4641 fieri
865 4593 905 4642 vix
923 4594 1031 4658 potuisse
1053 4600 1081 4644 ut
1099 4595 1227 4660 quisquam
1244 4594 1274 4643 de
1291 4594 1419 4644 verborum

229 4667 328 4726 minime
345 4676 502 4726 obscurorum
520 4690 591 4723 sensu
609 4673 740 4723 dubitaret.

263 4756 643 4822 ammnmwm
