3538 5536
336 574 416 622 mv
865 571 997 621 uersu.

336 761 475 808 carmen.
497 740 704 806 amoebaeum
737 740 822 804 inter
856 738 1073 826 coryphaeum
1107 739 1239 824 eiusque
1265 736 1369 805 lilium
1392 736 1523 804 alterna-

337 853 410 914 tum
424 861 428 870 '
443 854 504 930 (rs.
541 845 750 928 aco-316),
787 845 871 932 quod
901 868 964 912 non
994 848 1071 912 satis
1102 845 1255 932 quadrare
1283 847 1366 912 mihi
1396 845 1524 913 ridetur

334 958 370 1021 in
399 955 508 1021 locum
539 956 595 1021 ubi
625 976 709 1019 nunc
740 953 863 1041 legitur
877 951 912 1036 ¹).
945 953 988 1018 lit
1010 959 1135 1020 certum
1158 959 1207 1019 est
1229 960 1357 1040 poetam
1379 958 1456 1018 tuno
1477 953 1523 1016 in·

335 1064 470 1129 seruisse
493 1081 621 1139 versus,
646 1081 724 1146 quos
747 1061 815 1126 iam
839 1080 935 1147 supra
959 1061 1070 1146 tetigi:
1100 1060 1202 1124 Cleoc'i
1224 1058 1444 1148 aliquantisper
1466 1081 1524 1122 ccc

334 1168 407 1233 aicae
437 1170 561 1244 creden
596 1173 629 1231 at
657 1161 781 1230 mulium
812 1167 911 1230 oderi:
942 1167 1063 1230 daciooc'
1096 1167 1241 1232 hommem
1271 1173 1300 1231 ei
1330 1167 1417 1231 hedos
1431 1165 1521 1253 feci,

337 1274 452 1360 iamque
486 1274 601 1358 decepit
630 1273 730 1337 ridica
760 1273 849 1337 ritem
880 1279 940 1355 (vs.
967 1271 1054 1339 1284
1076 1283 1168 1360 sqq).
1200 1274 1428 1354 Proverbium‚
1460 1294 1522 1360 quo

336 1384 413 1448 haec
432 1380 529 1448 verba
548 1369 750 1463 clauduntur,
771 1401 844 1446 vere
864 1381 1011 1446 Atticum
1031 1380 1129 1446 fuisse
1148 1381 1385 1469 intellegimus,
1405 1383 1522 1466 quippe

336 1511 375 1554 ex
405 1489 583 1555 vinitorum
612 1489 681 1551 vita
702 1486 886 1571 quotidiana
910 1485 1105 1552 desumtum.
1139 1486 1250 1552 Ridica
1273 1487 1341 1553 solo
1364 1487 1521 1574 infigitur,
1610 1527 1613 1533 ·

337 1615 399 1660 non
422 1598 460 1659 ut
482 1594 543 1659 sibi
565 1596 656 1658 vivat
679 1593 733 1657 sed
756 1598 794 1657 ut
812 1595 874 1658 viti
893 1595 946 1658 cui
964 1595 1108 1679 apposita
1127 1599 1176 1659 est
1195 1596 1313 1660 serviat
1331 1597 1364 1659 et
1382 1592 1524 1658 fulcrum

337 1688 585 1787 praebeat„quo
604 1698 701 1764 altius
721 1720 753 1764 se
777 1697 931 1765 extollere
954 1702 1064 1784 possit.
1089 1700 1133 1764 At
1156 1702 1259 1786 speeie
1283 1700 1432 1786 deceptus
1456 1704 1523 1764 erat

338 1810 476 1874 rusticus
506 1809 564 1892 qui
592 1808 655 1871 viti
685 1826 759 1871 suae
790 1827 862 1872 eam
892 1808 1042 1881 sociavit,
1074 1827 1150 1871 nam
1175 1813 1254 1892 quae
1278 1805 1354 1872 vilis
1376 1809 1523 1892 inersque

335 1917 455 2000 pertica
478 1912 655 1990 videbatur,
680 1933 788 1978 revera
812 1933 920 1977 ramus
943 1918 1010 1978 erat
1033 1912 1522 1991 viva13rerautemubirediit,

336 2024 468 2086 iuvante
500 2017 612 2103 pluria
643 2017 782 2103 solisque
812 2017 915 2084 calore
947 2018 1067 2085 radices
1098 2041 1191 2107 agere
1214 2011 1344 2105 incipit,
1368 2024 1400 2084 et
1423 2019 1523 2084 redux

336 2132 409 2212 post
439 2125 567 2211 aliquod
596 2130 724 2211 tempus
757 2124 896 2212 agricola
927 2128 1064 2191 miratur
1093 2147 1191 2192 novas
1219 2127 1363 2205 frondes,
1388 2147 1522 2212 quarum

337 2233 396 2300 sub
418 2233 532 2298 umbra
554 2230 712 2297 delitescit
735 2233 812 2296 ritis
836 2237 931 2317 atque
953 2235 1128 2298 marcescit.
1470 2227 1473 2234 ’

382 2338 543 2405 Hodierno
576 2342 685 2404 autem
714 2337 826 2404 lectori
855 2341 1045 2404 vaticinium
1076 2340 1162 2404 hisce
1188 2339 1331 2404 versibus
1353 2341 1456 2405 inesse
1478 2341 1524 2404 vi-

340 2444 443 2511 detur.
475 2445 560 2526 Quos
592 2467 667 2510 cum
698 2447 825 2531 scripsit
848 2445 1093 2531 Aristophanes,
1119 2445 1276 2511 oblivione
1299 2448 1433 2512 minime
1457 2466 1525 2532 pre

337 2552 486 2618 mebatur
509 2559 657 2617 strenuus
679 2555 821 2637 partium
843 2551 1053 2638 populariumw
1067 2552 1148 2630 dur,
1170 2554 1225 2638 qui
1242 2573 1343 2638 nuper
1361 2554 1396 2616 in
1414 2572 1523 2640 pugna

338 2680 394 2745 pro
426 2661 529 2745 patria
559 2660 767 2738 occubuerat,
799 2661 936 2726 necdum
959 2665 1153 2726 evanuerant
1177 2680 1257 2743 quae
1279 2661 1314 2724 in
1335 2680 1400 2745 rep.
1426 2659 1524 2724 admi-

337 2766 501 2831 nistranda
534 2771 718 2850 persecutus
753 2771 820 2832 erat
850 2773 882 2834 et
913 2766 1188 2833 commendaverat
1217 2765 1365 2844 oonsilia;
1398 2765 1438 2831 ad
1468 2786 1523 2830 nos

340 2893 415 2941 vero
451 2869 577 2939 Cleonis
612 2874 783 2950 memoria,
819 2876 847 2938 si
878 2876 1059 2939 omittimus
1090 2873 1187 2940 rerba
1217 2871 1384 2951 nonnulla,
1408 2873 1523 2958 quibus

339 2977 541 3065 Thucydides
565 2978 766 3065 superciliose
789 2979 962 3045 admodum
986 2980 1023 3046 ds
1047 3000 1083 3046 eo
1108 2980 1274 3046 defunctus
1296 2985 1360 3058 est,
1381 2982 1437 3045 vir
1457 2977 1524 3045 ulla

338 3087 483 3173 pervenit
500 3090 625 3172 praeter
645 3106 681 3151 ea
701 3106 781 3172 quas
800 3086 1026 3172 Aristophanes
1047 3087 1086 3152 de
1105 3108 1142 3153 eo
1161 3086 1250 3152 lusit.
1274 3084 1414 3164 Comici,
1428 3079 1524 3172 quem

339 3191 415 3260 Cleo
439 3195 565 3279 penitus
589 3192 810 3259 contemnebat
833 3197 865 3259 st
885 3192 1043 3259 caniculae
1063 3192 1241 3259 allatrantie
1260 3193 1394 3259 habebat
1412 3195 1522 3272 instar,

339 3468 441 3519 Accedit
465 3468 593 3518 verborum
618 3472 739 3518 annotare
764 3466 835 3518 Pacis
859 3467 983 3517 contextui
1009 3467 1137 3532 aptissima
1162 3468 1204 3517 sed
1230 3468 1256 3518 in
1282 3466 1367 3534 Vespis
1393 3468 1524 3518 admodum

339 3552 455 3611 molesta,
478 3555 623 3616 quapropter
645 3549 798 3600 Hamalrerus
814 3550 934 3600 Mnemon.
953 3550 1018 3599 rete
1035 3565 1059 3616 p.
1078 3550 1124 3599 241
1143 3566 1195 3615 sqq.
1213 3550 1327 3600 delendos
1344 3551 1437 3601 censuit
1453 3550 1524 3616 Vosp'.

341 3633 506 3685 loca-1042
524 3638 609 3698 utpote
626 3632 707 3682 aliena
722 3649 797 3682 rnanu
814 3651 827 3682 e
844 3632 907 3683 Pace
924 3633 1048 3699 repetitos.
1066 3633 1138 3699 Quod
1154 3640 1236 3683 autem
1252 3633 1334 3684 locum
1351 3634 1525 3700 interpolatum

340 3733 391 3767 ease
414 3715 477 3765 vidit
490 3715 527 3764 vir
544 3714 628 3765 doctus
645 3721 669 3764 et
685 3714 837 3780 ingeniosus,
855 3716 897 3781 qui
913 3716 965 3766 rita
981 3732 1057 3782 nuper
1076 3716 1203 3766 defunctus
1220 3715 1306 3766 multis
1324 3717 1362 3766 sui
1379 3717 1525 3767 desiderium

339 3799 453 3864 reliquit,
469 3798 543 3847 laudo
560 3798 611 3846 eius
629 3813 743 3856 acumem
760 3797 809 3846 nisi
824 3803 906 3848 tamen
923 3799 1005 3858 fallor,
1023 3799 1074 3864 ipse
1088 3804 1161 3864 poeta
1178 3799 1358 3864 interpolatoris
1372 3806 1454 3865 partes
1468 3800 1525 3865 egit.

375 3882 400 3944 l)
423 3880 508 3930 Pueris
532 3879 559 3929 in
584 3880 663 3945 prima
686 3879 820 3945 Vesperum
842 3881 948 3930 editione
969 3882 1051 3931 nullas
1067 3888 1148 3948 partes
1165 3882 1239 3932 luisse
1255 3888 1328 3948 puto;
1346 3889 1432 3932 cuncta
1449 3883 1525 3944 enim,

342 3979 402 4030 quae
424 3963 475 4014 sive
490 3963 529 4012 'ad
553 3979 593 4012 eos
616 3962 676 4012 dicit
697 3962 846 4027 coryphaeus
863 3963 913 4013 sive
930 3979 989 4028 puer
1004 3965 1145 4030 respondet,
1163 3982 1179 4014 a
1195 3964 1293 4015 fabulae
1310 3972 1451 4030 argumento
1470 3972 1526 4016 sunt

341 4047 421 4096 aliena
440 4051 464 4095 et
480 4045 532 4094 sine
549 4045 601 4094 ullo
619 4050 745 4094 contextus
763 4045 908 4095 detrimento
923 4052 1025 4111 possunt
1039 4047 1133 4106 omitti,
1145 4059 1223 4112 neque
1237 4048 1368 4098 consimile
1377 4055 1413 4098 est
1420 4055 1526 4114 poetam,

341 4131 362 4181 si
387 4135 446 4180 tunc
472 4145 580 4194 quoque,
603 4144 658 4178 curn
680 4135 739 4178 nata
761 4134 797 4178 est
820 4129 919 4189 fabula,
941 4129 972 4179 iis
989 4130 1026 4180 uti
1043 4131 1199 4191 decrevisset,
1216 4148 1286 4181 versu
1305 4133 1381 4181 4100
1398 4148 1469 4182 scena
1486 4148 1526 4183 eos

342 4211 497 4262 nnmerum
522 4211 596 4261 luisse
622 4217 666 4271 „ut
689 4211 804 4261 Cleonem
827 4212 1002 4272 arcesserent”;
1025 4229 1074 4262 non
1097 4213 1161 4262 enim
1178 4213 1260 4279 prodit
1275 4213 1362 4263 deinde
1379 4213 1452 4274 Cleo,
1468 4215 1527 4265 boui

342 4300 425 4345 anum
447 4294 546 4344 artificis
568 4310 617 4344 non
640 4300 678 4344 est
694 4311 773 4344 rerum
790 4311 907 4344 novarum
925 4295 1116 4360 expectationem
1133 4295 1195 4345 ciere
1213 4295 1238 4344 in
1254 4303 1334 4346 mente
1351 4301 1526 4361 spectatorum,

340 4377 361 4427 si
378 4376 441 4426 nihil
455 4376 574 4426 eiusmodi
590 4376 676 4426 deindo
690 4377 724 4426 sit
741 4377 900 4427 exhibiturus.
1189 4419 1191 4424 ,

311 4476 316 4484 ·
376 4457 481 4508 Omnino
507 4465 590 4509 autern
615 4458 682 4509 chori
706 4459 812 4524 paredus
837 4465 861 4510 et
883 4476 978 4524 pugna,
1002 4476 1063 4524 qnae
1086 4460 1150 4510 inter
1171 4460 1299 4510 choreutas
1316 4465 1341 4510 et
1358 4460 1526 4526 Bdelyoleonis

341 4541 461 4592 familiam
484 4541 551 4592 vario
575 4557 686 4592 successu
704 4547 812 4603 aestuat,
830 4542 906 4592 nimia
925 4542 1030 4608 quadam
1047 4542 1157 4593 ubertate
1174 4543 1300 4603 laborant,
1317 4559 1378 4608 quae
1395 4543 1527 4594 lectoribus

342 4631 406 4675 certe
421 4642 471 4676 non
487 4630 568 4690 potest
583 4641 632 4675 non
648 4624 752 4675 molesta
769 4625 853 4676 rideri.
870 4625 939 4676 Duas
956 4625 996 4675 hic
1012 4625 1160 4675 recensiones
1175 4625 1317 4677 sorduisse
1331 4626 1447 4692 suspicor,
1460 4626 1527 4678 iuno·

342 4714 423 4759 turam
441 4714 523 4759 autem
539 4708 602 4758 inter
620 4725 702 4758 remus
719 4709 767 4758 att
785 4713 810 4758 et
828 4709 876 4758 did
894 4724 989 4758 cernere
1006 4707 1068 4758 mihi
1084 4707 1174 4758 videor.
