3538 5536
363 576 434 624 xm
887 573 1019 624 vitem.

362 761 448 818 mor,
480 742 532 806 cui
560 762 621 806 non
654 745 701 807 est
729 739 897 806 oblocutus
925 738 1144 826 Thucydides,
1167 742 1196 804 is
1218 743 1325 806 tamen
1348 759 1412 804 non
1434 758 1543 805 caecus

364 845 489 914 Cleonis
524 847 706 913 admirator.
743 844 906 914 Occiderat
941 850 1026 912 certe
1058 849 1093 912 in
1127 867 1254 933 pugna,
1289 844 1399 934 procul
1434 866 1453 911 a
1487 866 1545 910 sua

363 956 482 1039 patria,
516 954 594 1019 dum
623 956 656 1018 in
683 952 834 1020 Thraciae
857 973 911 1018 ora
935 953 1106 1018 conabatur
1128 955 1163 1018 ri
1185 959 1218 1019 et
1240 955 1337 1020 armis
1360 971 1543 1037 recuperare

362 1083 441 1148 quae
475 1064 680 1148 optimatium
709 1062 831 1126 incuria
863 1097 905 1108 -
936 1080 977 1125 ne
1006 1062 1138 1146 grauius
1169 1059 1246 1145 quid
1269 1059 1373 1126 dicam
1397 1059 1544 1144 -eripi

360 1189 452 1254 passa
484 1168 598 1234 fuerat.
633 1167 781 1233 Mortuus
814 1170 881 1233 iam
915 1171 983 1233 orat
1018 1168 1232 1256 demagogus,
1268 1168 1449 1251 mortuique
1483 1170 1544 1230 sta

361 1277 424 1340 tim
448 1311 491 1324 —
516 1281 554 1340 ut
577 1274 614 1340 fit
638 1311 681 1323 -
704 1295 743 1338 er
765 1273 877 1360 populi
900 1277 1006 1339 mente
1030 1272 1114 1338 elabi
1137 1275 1242 1359 coepit
1264 1275 1436 1351 memoria;
1461 1269 1543 1340 clius

363 1403 447 1447 nunc
469 1385 503 1446 in
525 1381 633 1468 Pnyce
656 1380 810 1467 regnabat
834 1385 867 1445 et
889 1382 1082 1446 comicorum
1105 1379 1170 1446 tela
1193 1379 1335 1446 aculeata
1360 1381 1395 1443 in
1423 1398 1456 1444 se
1475 1399 1544 1442 con·

363 1489 515 1554 vertebat.
546 1487 625 1552 Post
653 1485 810 1552 Periclem
841 1487 1008 1572 petebatur
1033 1483 1128 1564 0100,
1151 1491 1223 1572 poet
1247 1483 1397 1552 Cleonem
1418 1483 1544 1570 Hyper-

361 1595 453 1662 bolus
482 1594 675 1672 traducitur,
703 1615 779 1658 mox
800 1592 987 1680 Hyperbolo
1009 1595 1044 1657 in
1066 1591 1201 1658 exilium
1222 1591 1314 1678 pulso
1339 1590 1543 1678 Oleophontis

363 1701 486 1768 aliusue
516 1701 654 1766 hominis
683 1721 789 1766 mores
814 1703 882 1766 rita
905 1700 989 1765 dicta
1010 1699 1094 1766 facta
1114 1698 1274 1765 infinitam
1294 1697 1426 1765 ludendi
1446 1701 1544 1762 mete

362 1812 444 1875 riem
464 1811 500 1872 in
521 1809 628 1873 Attice
649 1828 741 1873 scena
762 1807 966 1893 praebebunt.

408 1917 559 1980 Attamen
590 1913 834 1999 Aristophanem
857 1915 1083 1979 venustissimo
1106 1913 1165 1978 hoc
1189 1911 1331 1978 dramate
1354 1913 1544 1997 spectatores

362 2021 435 2108 plus
466 2019 565 2086 semel
595 2019 764 2086 delectasse
793 2041 869 2086 oum
899 2042 955 2106 par
981 2041 1014 2086 se
1036 2018 1210 2085 verisimile
1233 2023 1281 2084 est
1302 2023 1374 2084 tum
1397 2020 1466 2103 ipse
1489 2018 1545 2102 qui

362 2126 401 2192 ad
430 2147 487 2192 nos
518 2127 663 2212 pervenit
694 2124 820 2191 fabulae
851 2130 959 2191 textus
984 2124 1163 2191 luculenter
1187 2124 1399 2201 demonstrat,
1423 2125 1543 2208 inquo

361 2232 515 2319 legrmtur
539 2233 615 2296 satis
637 2230 742 2297 multa
765 2251 845 2317 quae
867 2233 943 2297 rivo
967 2229 1084 2298 Oleona
1108 2230 1171 2296 dici
1192 2252 1256 2296 non
1278 2234 1467 2317 potuerunt,
1487 2248 1544 2294 nec

362 2342 424 2404 nisi
459 2339 548 2404 brevi
586 2343 658 2424 post
697 2340 766 2404 eius
796 2343 934 2404 mortem
965 2343 1037 2424 apte
1068 2343 1242 2424 potuerunt
1272 2340 1370 2405 inseri
1385 2334 1419 2419 ¹).
1453 2336 1544 2402 Vitae

360 2447 441 2512 hanc
472 2465 597 2510 scenam
628 2449 798 2530 postquam
822 2444 954 2531 reliquit
978 2442 1071 2522 Oleo,
1097 2467 1159 2511 non
1181 2449 1248 2511 iam
1271 2445 1416 2511 obstabat
1437 2449 1544 2510 metus

363 2554 533 2638 quominus
563 2554 598 2616 in
625 2551 769 2640 pulpito,
803 2552 860 2618 ubi
889 2555 958 2638 ipsa
988 2553 1157 2618 hominum
1184 2555 1252 2619 rita
1273 2556 1542 2638 repraesentatur,

362 2664 469 2744 aperte
492 2662 654 2743 peteretur
661 2679 670 2736 ;
696 2658 832 2724 necdum
855 2658 998 2725 obsoleta
1021 2664 1089 2725 erat
1110 2658 1287 2737 comoedia,
1312 2679 1374 2744 qua
1396 2678 1446 2724 res
1464 2657 1545 2724 iudi-

362 2766 458 2831 ciaria
488 2765 718 2852 spectatoribus
741 2765 910 2832 deridenda
932 2769 1156 2852 propinaretur
1163 2788 1172 2846 3
1197 2765 1357 2833 iudicialis
1379 2767 1465 2831 enim
1487 2761 1545 2829 ille

362 2871 451 2936 furor
479 2892 542 2936 non
566 2873 731 2959 cumipse
756 2869 873 2938 Oleone
896 2875 1055 2938 extinctus
1077 2877 1162 2952 orat,
1185 2875 1286 2938 immo
1309 2871 1366 2937 diu
1388 2873 1418 2937 ei
1439 2890 1546 2956 super·

362 2979 474 3042 etitem
504 2975 569 3043 fore
599 2979 706 3062 quivis
735 2976 954 3065 intellegebat.
979 2979 1190 3065 Aptissimum
1214 2983 1324 3044 autem
1348 2981 1545 3045 occasionem

363 3082 538 3168 Vesperum
581 3082 687 3172 fabula
726 3085 898 3170 praebebat
938 3084 1166 3151 contumeliam
1199 3085 1334 3151 faciendi
1369 3085 1544 3172 demagogo

363 3210 465 3274 nuper
495 3192 614 3267 occiso,
646 3211 748 3276 neque
778 3190 903 3257 leonem
934 3197 1100 3258 mortuum
1131 3191 1312 3259 conculcare
1333 3191 1415 3257 infra
1438 3213 1470 3258 se
1492 3192 1546 3256 he-

363 3297 435 3362 buit
457 3296 700 3381 Aristophanes‚
724 3297 800 3364 licet
823 3300 892 3384 ipse
916 3299 1084 3384 aliquando
1110 3299 1148 3365 de
1167 3320 1199 3367 se
1220 3299 1254 3363 id
1266 3298 1495 3384 praedicaverit
1507 3295 1544 3377 ⁹).

364 3402 639 3484 Quemadmodum
669 3407 779 3470 autam
802 3403 972 3490 Euripides
996 3408 1094 3471 etiam
1118 3411 1191 3491 post
1213 3410 1351 3471 mortem
1371 3407 1407 3469 in
1429 3403 1545 3470 fabulis

363 3512 429 3575 suis
463 3515 622 3594 superstes
653 3515 720 3575 crat
743 3515 775 3575 et
798 3515 910 3596 aptum
932 3511 1094 3577 Ranarum
1117 3510 1295 3576 comoediae
1318 3515 1546 3598 argumentum

362 3617 527 3704 praebuit,
561 3618 605 3682 sic
629 3614 755 3683 Cleonis
779 3619 877 3683 etiam
901 3618 965 3684 fato
988 3617 1090 3684 functi
1112 3621 1281 3706 ingenium
1303 3620 1337 3683 in
1361 3619 1428 3683 eius
1450 3622 1547 3683 secta-

363 3723 485 3790 toribus
507 3723 636 3788 vivebat
660 3729 692 3788 et
714 3723 854 3810 rigebat.

408 3828 517 3895 Simili
548 3835 656 3894 autem
687 3831 808 3895 ratione
837 3833 871 3895 in
904 3829 1015 3915 Vespis
1047 3830 1209 3896 mutandis
1237 3833 1377 3896 comicus
1398 3851 1476 3896 usus
1498 3835 1547 3896 est

364 3942 458 4024 atquo
481 3957 617 4022 coquus,
637 3938 693 4022 qui
712 3935 826 4022 dapem
845 3938 1027 4003 hesternam
1045 3939 1188 4003 convivis
1206 3939 1326 4002 iterum
1345 3939 1546 4023 appositurus

364 4047 447 4111 acria
469 4042 668 4109 condimenta
691 4042 778 4108 addit
797 4048 1034 4131 pungentemre
1052 4043 1195 4110 infundit
1213 4047 1363 4121 muriam,
1376 4049 1414 4109 ut
1425 4065 1547 4111 norum

364 4152 434 4218 cibo
464 4151 612 4236 praebeat
642 4169 796 4237 saporem.
830 4149 1012 4216 Retractata
1042 4153 1129 4216 enim
1151 4150 1259 4217 tabula
1281 4150 1385 4218 multo
1407 4152 1547 4218 acerbior

399 4382 423 4443 l)
437 4380 501 4431 Nam
513 4386 568 4431 octo
583 4381 681 4431 demum
694 4381 764 4431 annis
778 4385 834 4446 post
848 4383 913 4446 (poet
927 4396 1018 4430 annum
1028 4374 1115 4443 41514)
1123 4379 1213 4430 iterum
1220 4385 1355 4445 spectatam
1363 4397 1414 4431 esse
1423 4379 1547 4440 tabulam,

363 4465 429 4531 qnod
450 4465 574 4515 contendit
596 4466 620 4515 J.
643 4465 755 4530 bisace,
779 4464 838 4512 inber
861 4462 1039 4528 Umarbeitung
1057 4462 1148 4528 einiger
1165 4464 1207 4513 Ar,
1225 4463 1360 4513 Kombdien
1379 4462 1457 4524 1870,
1475 4461 1548 4512 credi-

362 4547 412 4598 bile
437 4563 486 4598 non
511 4547 586 4608 duoo;
611 4547 656 4597 illo
682 4545 747 4597 enim
772 4552 880 4613 tempore
907 4547 936 4598 de
963 4546 1052 4597 Oloouc
1075 4545 1154 4597 multa
1170 4545 1246 4596 ctiam
1263 4545 1346 4596 audire
1363 4545 1403 4596 vix
1420 4544 1547 4610 quisquam

363 4628 485 4696 cupiebat.

396 4712 421 4776 2)
438 4711 503 4762 Nub.
520 4712 567 4762 549
585 4728 637 4778 sqq.
