3538 5536
867 569 998 640 vnsrsn.

563 733 580 810 ἦ
603 759 644 813 με
667 736 789 810 ποίησον
814 738 928 802 ιιαπνδν
952 736 1119 819 ἐξαίφνης,

561 844 579 919 ἢ
603 844 790 922 Προξενίδην,
815 845 832 920 ἢ
857 844 909 908 τὸν
936 844 1056 910 Σίλλου

606 953 711 1014 τοῦτον
735 949 786 1014 τὸν
809 949 1073 1028 ψευδαμάμαξυν.

561 1053 726 1134 τθλμιρσον,
750 1052 848 1134 ἄναξ,
872 1055 1065 1138 χαρίσασθαί
1087 1081 1155 1136 μοι,

652 1161 746 1235 πάθοι
769 1163 921 1244 οίκτίρας·

563 1269 580 1346 ἥ
603 1295 645 1348 με
669 1273 800 1353 ιιεραυνῷ
824 1271 1022 1353 διατινθαλέῳ

555 1362 558 1367 ¹
652 1377 793 1444 σπόδισον
817 1380 957 1460 ταχέας,

490 1536 493 1541 .
562 1483 687 1550 κᾶπειτ’
710 1484 824 1551 άνολιίν
847 1487 882 1562 μ’
905 1487 1114 1567 ἀποφυσήσας

560 1593 604 1665 είς
628 1592 767 1686 ὀξάλμην
792 1590 918 1670 ἔμβαλε
942 1593 1069 1674 tersia·
1328 1677 1329 1680 Ἴ

562 1699 683 1776 θδῆτα
706 1700 786 1766 λίθον
808 1724 850 1777 με
874 1701 996 1775 ποίησον
1122 1700 1175 1782 ἕΦΪ
1200 1695 1235 1765 οὗ

553 1883 556 1891 ¹
605 1806 664 1878 τοὶς
686 1808 822 1887 χοιρίνας
848 1807 1032 1886 άριθμοῦσιν.

756 1928 860 1993 Strophs
877 1932 921 1991 (rs.
940 1930 1089 1992 004-304).

803 2036 1059 2094 ΚΟΡΤΦΑΙΟΣ.

560 2133 608 2204 τίς
632 2133 694 2213 γάρ
718 2133 780 2198 ἐσθ’
804 2135 954 2200 οὑνταῦθοί
978 2134 1006 2200 τ’
1030 2133 1138 2218 είργοιν

369 2311 425 2361 334.
442 2309 564 2360 οθνταθθα
580 2311 706 2378 Mainake]
724 2312 736 2360 θ
753 2305 846 2361 ταῦτα.
863 2340 897 2350 -
914 2315 946 2378 τῇ
966 2311 1023 2380 θιίρμ
1040 2312 1074 2380 V]
1091 2316 1138 2372 τῆς
1156 2313 1226 2377 θθρας
1243 2316 1272 2365 R.

369 2487 437 2552 325]
463 2486 646 2536 ventosissimus
668 2485 741 2535 bomo
765 2485 910 2535 Ρνοαονιθιίοι
950 2481 953 2486 ’
984 2485 1039 2539 327.
1066 2484 1205 2554 τόλμησον]
1238 2489 1263 2538 in
1295 2489 1388 2554 tragica
1418 2489 1524 2539 dictione
1576 2521 1594 2560 5

334 2571 409 2620 atium
426 2571 472 2618 Ar.
490 2569 554 2618 1126
571 2569 671 2618 ridetur.
949 2570 1070 2634 significat
1082 2571 1175 2620 atinam
1188 2572 1255 2632 aelia,
1269 2588 1290 2621 e.
1299 2589 1322 2636 g.
1336 2572 1410 2637 Soph.
1420 2572 1525 2623 Philoct.

367 2680 402 2692 -
418 2651 524 2718 Σέλλου]
541 2653 600 2712 Salii
617 2653 682 2703 lilius
699 2659 735 2703 est
752 2653 880 2703 Aeschines
897 2653 909 2702 θ
949 2653 995 2702 481
1014 2654 1142 2714 τόλμησον
1160 2651 1275 2716 ἐμβαλοῦ
1292 2671 1337 2716 με,
1355 2655 1441 2705 Trsch.
1458 2655 1523 2708 1070

334 2738 444 2796 Καπνθς,
459 2736 509 2785 vid.
523 2753 557 2785 vs.
573 2737 908 2796 459‚1220‚1243nv.822.
945 2733 979 2783 'ld'
1003 2731 1021 2783 ὦ
1044 2733 1136 2795 τέκνον,
1157 2738 1285 2798 τόλμησον
1307 2735 1412 2799 θίατιρθν
1428 2735 1460 2786 τί
1478 2754 1524 2799 με,

369 2820 425 2869 390,
442 2813 654 2885 ψευδαμάμαξυν]
672 2819 768 2868 mirifici
782 2821 855 2869 buius
870 2837 910 2869 vo·
948 2819 1035 2868 Aesch.
1051 2819 1132 2868 Prom.
1151 2820 1199 2868 999
1223 2821 1358 2880 τόλμησον,
1377 2815 1394 2867 d
1412 2818 1522 2881 μάταιε,

335 2903 418 2953 sabuli
440 2919 512 2952 sonus
534 2913 558 2951 at
581 2902 741 2952 consumatio
759 2903 786 2952 in
802 2909 909 2952 mentem
949 2902 1077 2962 τθλμιρσθν
1096 2917 1160 2950 ποτε
1174 2899 1180 2969 Ι
1194 2902 1253 2964 πρὸς
1269 2902 1318 2960 τδρ
1335 2900 1462 2964 παρούσας
1479 2919 1524 2960 πιρ-

334 2991 449 3036 revocant
479 3001 563 3034 vocem
589 2983 800 3050 ψευδατράφαξυς
825 2985 908 3050 Equit.
949 2985 1026 3045 μονάς
1042 2983 1115 3044 ὀρθῶς
1131 2986 1233 3047 φρονεῖν.

336 3071 392 3129 000,
418 3069 460 3118 sad
486 3068 605 3133 quomodo
634 3068 739 3117 ventosis
769 3069 908 3117 bominibus
969 3067 1039 3116 329.
1057 3064 1232 3133 διατινθαλέῳ]
1247 3067 1524 3118 nonreditadiectivum

334 3151 471 3202 deridendis
485 3151 600 3200 inservire
614 3152 721 3216 potuerit
729 3168 778 3200 non
787 3169 908 3216 assequor,
948 3151 1085 3215 poeticum,
1108 3151 1150 3200 sed
1172 3151 1245 3216 Soph.
1262 3152 1321 3200 Ant.
1341 3151 1389 3200 134
1405 3168 1448 3216 pro
1467 3168 1524 3201 voce

333 3252 391 3284 nam
415 3235 479 3299 quod
502 3233 607 3292 καπνίας
625 3241 661 3284 est
678 3234 729 3282 vini
745 3251 833 3283 nomen
850 3234 908 3296 (vid.
947 3233 1040 3283 tradita
1062 3232 1241 3290 τανταλωθείς,
1267 3243 1340 3298 quam
1362 3250 1433 3283 nemo
1451 3234 1527 3299 expli·

256 3310 258 3316 ’
334 3334 369 3367 vs.
397 3318 462 3379 151),
493 3317 519 3366 id
543 3317 606 3365 nihil
631 3317 662 3365 sd
687 3333 751 3376 rem,
775 3318 802 3366 ni
827 3318 909 3367 fallor.
949 3331 1002 3364 cara
1027 3317 1120 3380 potuit,
1145 3314 1301 3374 τινθαλαθείς
1324 3317 1454 3381 legendum
1472 3333 1523 3366 esse

334 3400 428 3450 Nomen
454 3398 591 3462 άμάμαξυς
617 3399 681 3456 idem
703 3400 770 3449 velat
795 3407 868 3465 atque
894 3399 908 3455 θ
948 3399 1064 3463 suspicor.

334 3480 494 3544 θναδενδράς,
510 3497 596 3546 nempe
613 3482 738 3532 indicabat
754 3483 832 3542 vites‚'
847 3500 908 3547 quaa
981 3509 1015 3519 —
1032 3479 1162 3547 σπόδισον]
1179 3486 1249 3531 muta
1265 3498 1304 3532 me
1318 3483 1343 3531 in
1359 3479 1522 3545 ἐπανθρακίδα

334 3582 411 3631 neque
435 3563 528 3629 χάραξι
552 3566 757 3626 sustentabantur,
781 3572 808 3615 ut
825 3567 850 3616 in
867 3568 909 3616 At-
948 3565 1018 3626 (Aah.
1045 3563 1093 3616 070
1122 3570 1147 3613 at
1171 3565 1235 3614 infra
1261 3564 1348 3626 1127),
1379 3565 1523 3630 pisciculum

335 3649 397 3708 tica,
423 3663 501 3712 nequa
527 3647 596 3697 humi
619 3648 748 3713 repebant,
775 3654 802 3698 ut
824 3649 909 3708 Lesbi,
947 3654 1040 3697 tostum
1066 3647 1116 3696 sive
1143 3645 1366 3709 ιἰπιρνθρακισμένον
1384 3650 1439 3710 (Ατ.
1458 3650 1522 3699 1540
1575 3697 1577 3708 ,

335 3733 377 3781 sed
393 3730 520 3779 arboribus
536 3731 729 3790 maritabsntur3
754 3731 796 3795 qui
813 3747 865 3780 mos
883 3731 909 3780 in
948 3731 1011 3779 Ran.
1030 3731 1095 3793 506).
1121 3758 1155 3768 -
1181 3730 1237 3780 Non
1263 3731 1418 3781 absimilibus
1444 3732 1523 3783 verbis

336 3814 438 3863 Graecia
467 3830 579 3879 perrarus
610 3819 675 3872 arat,
701 3813 726 3862 in
752 3813 827 3862 Italis
853 3830 908 3863 varo
949 3814 1026 3863 utitur
1043 3814 1071 3863 Ic
1088 3813 1114 3862 in
1131 3814 1216 3863 hescb.
1233 3813 1315 3863 Prom.
1334 3814 1381 3863 509
1391 3831 1426 3879 sq.

334 3897 530 3962 vulgatissimus,
563 3902 590 3946 ut
621 3914 634 3946 a
659 3895 761 3961 Vergilii
786 3897 909 3961 Georgicis
983 3897 1038 3946 331.
1065 3895 1187 3961 ὀξάλμην]
1213 3897 1313 3946 muriam
1335 3896 1436 3960 (ίίλμιρν)
1458 3902 1524 3949 aceto

335 3996 405 4029 nemo
427 3997 476 4039 non
493 3979 586 4029 didicit.
603 3980 674 4028 'I'asta
691 3978 772 4045 Etym.
789 3979 824 4038 M·
843 3971 922 4040 77,1'
949 3979 1081 4037 οονιάίίονις
1103 3980 1134 4028 cf.
1156 3979 1220 4028 infre
1236 3997 1272 4029 vs.
1290 3980 1354 4028 1515
1381 3985 1405 4028 at
1427 3981 1457 4030 fr.
1474 3982 1523 4030 410

335 4063 495 4129 Epicharmus
521 4069 545 4112 et
571 4063 668 4128 Sappho
691 4079 749 4111 voca
771 4061 909 4126 άμάμαξνς
950 4057 967 4110 ὦ
993 4060 1156 4123 κακοδαίμων,
1185 4060 1257 4119 decre
1283 4059 1307 4111 ἐν
1331 4061 1402 4126 άλμρ
1428 4069 1523 4124 πρῶτον

335 4148 373 4196 usi
390 4151 459 4206 sunt3
485 4145 576 4210 legitur
593 4145 667 4194 etiam
684 4145 814 4194 infestive
831 4144 910 4194 convi·
949 4142 1067 4208 τριχίδων
1090 4143 1230 4207 ἀπεβάφθη.
1256 4145 1344 4194 Thacia
1365 4146 1444 4194 muria
1461 4162 1525 4194 com·

334 4229 370 4278 vii
386 4228 559 4294 descriptione,
577 4244 650 4292 quam
667 4227 749 4277 Matre
768 4227 910 4289 (Alexandri
948 4234 1096 4277 memoratur
1120 4228 1182 4277 Acb.
1206 4227 1252 4279 071
1281 4233 1306 4278 et
1331 4227 1423 4277 Oretin.
1449 4229 1479 4278 fr.
1506 4229 1521 4276 0

335 4311 421 4376 Magni
449 4311 567 4376 aequalis)
596 4310 733 4359 Homericis
763 4311 909 4359 hexametris
948 4310 1164 4376 („Mayonnaise”).

335 4395 434 4444 inclusit
456 4394 515 4457 (vid.
532 4394 621 4442 Athen.
638 4392 673 4442 IV
691 4391 775 4455 1370),
792 4393 828 4442 ibi
845 4394 910 4442 enim
984 4394 1039 4443 332.
1056 4393 1071 4451 s
1089 4391 1166 4458 δῆτα]
1184 4394 1223 4442 ναί
1238 4393 1309 4442 etiam
1327 4395 1401 4458 (quod
1415 4400 1523 4458 praestat

335 4495 432 4528 mansae
450 4475 568 4527 secundae
584 4477 648 4526 inter
664 4476 715 4525 alis
732 4476 835 4526 bellaria
852 4478 912 4526 fara·
948 4477 1080 4539 nimirum).

335 4562 396 4612 bant
413 4558 557 4622 πρόσφατον
575 4558 601 4616 ἣν
617 4557 642 4606 τ’
656 4556 793 4624 ἁμάμαξυν
809 4555 909 4616 ἐπίκλιι-
984 4561 1039 4609 333.
1057 4559 1179 4624 χοιρίναι]
1193 4581 1217 4601 --
1230 4556 1336 4621 ψήφους,
1350 4559 1380 4608 cf.
1396 4559 1524 4608 vs.349et
1618 4572 1620 4577 ·

337 4661 375 4691 τιν
393 4641 533 4702 καλέουσιν,
550 4659 610 4692 uvas
627 4659 676 4692 uon
693 4643 761 4706 prelo
779 4643 821 4691 sad
838 4658 910 4691 canae
950 4642 1086 4707 bq.1332.
1111 4640 1161 4691 Vos
1181 4632 1307 4706 ¹siguificat
1324 4642 1464 4692 αονοοθατιινι
1481 4641 1525 4690 ali·

337 4726 469 4776 destinstas
487 4732 511 4775 et
527 4726 645 4790 singnrlari
662 4725 737 4790 igitur
754 4741 811 4773 cura
825 4725 911 4774 cultas.
952 4725 1016 4790 quod
1034 4741 1110 4789 genus
1127 4725 1282 4789 (,‚batjes’'l).
