3538 5536
876 582 1008 632 mersu.

851 757 1032 814 ΣΩΣΙΛΣ.

524 869 618 934 κακὸν
642 867 703 948 ἄρα
727 877 796 941 ταῖς
821 877 968 956 πλευραῖς
993 895 1027 946 τι,
1047 871 1243 962 προυφείλεις
1267 870 1367 950 μέγα.

525 969 573 1054 αρ’
599 971 685 1040 οἶσθα
708 975 743 1053 γ’
768 969 824 1041 οἷον
848 974 1000 1040 κνώδαλον
1023 976 1245 1056 Φυλαττομεν,

843 1105 1042 1164 ΞΑΝΘΙΑΣ.

525 1213 597 1284 οἶδ’·
622 1221 697 1284 ἀλλ’
721 1219 855 1296 ἐπιθυμῶ
879 1220 1003 1298 σμικρὸν
1028 1221 1288 1302 ἀπομερμηρίσαι.

800 1325 894 1388 (Denuo
913 1326 1087 1388 obdormiscit.)

851 1448 1030 1506 ΣΩΣΙΑΣ.

528 1559 566 1624 σὺ
591 1559 616 1624 δ’
641 1555 690 1625 οὖν
714 1559 956 1639 παρακινδύνευ’,
982 1561 1047 1626 ἐπεὶ
1074 1563 1188 1627 καύτοῦ
1212 1565 1245 1640 γ’
1272 1563 1345 1641 ἐμοῦ

527 1668 612 1731 κατὰ
635 1674 699 1731 τοῖν
722 1667 822 1746 κόραιν
846 1665 948 1732 ὕπνιόν
972 1691 1001 1732 τι
1027 1677 1220 1750 καταχεῖται
1243 1652 1358 1746 Ιγλυκύ.

581 1771 653 1833 (Item
673 1772 837 1822 obdormiscit.
855 1799 889 1810 -—
906 1772 1092 1838 Aliquantisper
1108 1773 1233 1822 silentium
1251 1777 1304 1836 ert.)

846 1894 1044 1964 ΞΑΝΘΙΑΣ.

575 1988 604 2052 (ll
622 2006 706 2040 somno
722 1995 873 2055 experrectus
891 1991 986 2041 Sosiam
1005 1991 1163 2041 dormientem
1182 1991 1323 2058 conspicit:)

527 2089 601 2153 αλλ’
626 2085 645 2163 ἦ
667 2095 873 2172 παραφρονεῖς
899 2091 981 2155 ἐτεὸν
1006 2091 1022 2166 ἢ
1049 2091 1251 2176 κορυβαντιᾷς
1263 2112 1272 2170 ;

347 2293 467 2343 ΧααιΙιιαο
489 2295 634 2356 tribuerem,
657 2296 849 2360 protagcnistam
872 2285 936 2344 hunc
959 2297 1033 2346 fuisse
1055 2302 1135 2356 ratus,
1157 2297 1258 2346 eundem
1281 2297 1355 2362 igitur
1372 2302 1478 2346 actorem
1496 2297 1537 2362 qui

347 2376 433 2424 deinde
451 2393 527 2426 εοαοικ
546 2377 609 2441 agit3
628 2377 710 2442 itaque
729 2378 806 2427 sicubi
822 2383 877 2443 post
894 2367 1021 2442 prologum
1039 2395 1121 2427 servus
1138 2378 1255 2444 loquitur,
1274 2379 1364 2428 Sosiam
1381 2379 1445 2428 hunc
1462 2378 1538 2427 nomi·

343 2458 417 2518 navi,
441 2465 539 2524 excepto
562 2476 632 2508 versu
656 2458 713 2520 457,
738 2460 781 2509 ubi
806 2461 880 2510 verba
905 2459 975 2509 ἄλλα
1001 2458 1047 2523 δρῶ
1072 2461 1145 2509 τοῦτ’
1173 2462 1202 2510 ah
1226 2462 1309 2525 aliquo
1331 2462 1429 2511 homine
1446 2479 1474 2510 ex
1492 2461 1538 2520 iis,

349 2541 391 2606 qui
408 2547 493 2590 mutas
516 2559 630 2606 personas
656 2543 773 2606 agebant,
790 2543 951 2608 pronunciata
970 2560 1020 2592 esse
1038 2560 1115 2593 sumo.
1134 2543 1189 2592 Non
1205 2543 1268 2592 facio
1287 2543 1362 2607 igitur
1379 2560 1434 2592 cum
1452 2543 1537 2592 Beerio

348 2628 373 2673 et
396 2623 534 2673 Hamalrero
551 2624 596 2674 l.l.
614 2641 639 2690 p.
657 2625 697 2684 25,
715 2631 814 2691 propter
830 2643 927 2685 versum
944 2627 993 2675 458
1009 2627 1171 2692 statuentibus
1188 2627 1282 2675 Sosiam
1300 2643 1334 2674 vs.
1354 2627 1402 2674 188
1420 2626 1449 2675 de
1468 2642 1538 2674 scena
1564 2691 1567 2696 ἱ

348 2705 496 2766 discessisse,
519 2707 652 2756 Xanthiam
676 2723 732 2756 vero
756 2708 782 2756 in
799 2725 827 2756 ea
846 2709 1002 2768 remansisse3
1021 2709 1095 2757 immo
1113 2725 1184 2757 versu
1201 2709 1249 2756 456
1267 2693 1461 2757 Xanthiascum
1479 2708 1537 2756 hero

349 2804 397 2842 ruo,
408 2787 434 2836 in
451 2805 547 2837 scenam
566 2789 642 2848 redit,
660 2788 680 2837 si
697 2795 803 2838 mentem
821 2798 907 2855 poetae
925 2797 1048 2840 assecutus
1066 2807 1119 2840 sum
1135 2807 1186 2854 ego.
1201 2791 1275 2840 Recte
1289 2805 1345 2838 vero
1361 2789 1536 2839 demonstravit

348 2870 481 2930 Hamaker,
503 2887 553 2946 non
576 2871 635 2919 duos
659 2871 732 2919 simul
756 2889 836 2922 servos
860 2875 996 2922 sedunum
1013 2879 1109 2922 tantum
1126 2889 1181 2922 cunr
1198 2889 1253 2921 sene
1273 2872 1371 2937 eiusque
1388 2872 1439 2921 filio
1460 2872 1534 2921 verba

348 2953 434 3002 facere.
1105 2966 1107 2971 ’

384 3035 407 3106 8.
425 3035 581 3097 προνφσίλεις
594 3035 745 3100 Phrynichus
755 3036 780 3085 in
790 3037 880 3086 Anecd.
889 3038 993 3086 Beklreri
1001 3054 1025 3102 p.
1035 3036 1079 3103 47]
1089 3035 1235 3099 προύφειλερ
1244 3037 1300 3094 VR;
1311 3036 1414 3085 conexit
1422 3035 1538 3099 Elmuley.

348 3117 520 3182 Imperfectum
545 3125 642 3183 propter
667 3120 780 3168 voculam
803 3118 851 3180 ἄρα
874 3137 935 3184 quae
959 3121 1080 3170 antecedit
1101 3120 1238 3184 praeferens
1261 3119 1386 3168 Hamalrer
1403 3115 1539 3179 πρώφειλερ

347 3200 444 3260 scribit,
470 3200 570 3249 Richter
595 3201 696 3262 (infelici
721 3202 868 3263 coniectura)
891 3203 942 3263 πρῲ
967 3201 1078 3264 ’patrata
1101 3187 1269 3266 Compositum
1294 3200 1455 3262 saporositas«,
1475 3199 1540 3264 quod

348 3283 413 3346 apud
429 3282 617 3347 Aristophanem
635 3283 696 3332 alias
714 3301 763 3332 non
781 3284 897 3344 occurrit,
916 3284 945 3333 de
965 3284 1045 3333 multa
1061 3285 1153 3332 dudum
1167 3284 1249 3333 debita
1264 3283 1418 3348 aptissimum
1432 3287 1469 3332 est
1482 3281 1539 3330 huic

348 3365 416 3425 loco;
435 3365 528 3430 alioqui
546 3365 626 3414 conici
642 3372 724 3431 posset
742 3367 886 3427 πλευραῖσιν
905 3365 1016 3429 decanea.

384 3449 408 3497 6.
425 3442 477 3514 οὖν]
495 3442 527 3494 αὖ
545 3448 573 3497 R.

384 3517 490 3596 brou]
505 3533 562 3579 ταῖν
579 3529 680 3580 codices.
697 3557 732 3568 -
749 3528 832 3579 ὕπνιον
849 3531 970 3580 Invernizi
987 3531 1075 3596 Cobet]
1093 3529 1169 3579 {lmen
1187 3531 1238 3590 VR,
1255 3527 1300 3586 lida
1318 3529 1376 3588 alii;
1395 3529 1454 3578 Geel
1473 3525 1538 3589 drap

351 3611 461 3661 coniecit.

385 3795 407 3844 8.
434 3796 603 3862 προνφείλεις]
626 3797 799 3861 compositum,
820 3813 866 3861 quo
885 3797 927 3847 Ar.
967 3795 1014 3858 θαι)
1049 3795 1169 3861 peperisse
1199 3795 1294 3844 videtur
1324 3793 1425 3843 Homeri
1458 3809 1539 3842 versus

352 3877 414 3926 alias
431 3894 480 3927 non
498 3879 582 3938 utitur,
601 3884 668 3928 extat
685 3879 760 3927 etiam
778 3880 843 3944 apnd
860 3880 929 3928 Anti·
967 3878 1046 3940 9317.

351 3961 467 4025 phcntem
481 3961 502 4006 V
518 3961 583 4022 §612
600 3949 653 4026 ἐξὸν
667 3961 717 4023 γαρ
732 3999 736 4008 .
749 3998 753 4009 .
764 3999 786 4010 ,,
802 3960 927 4010 ἀπολέσαι
1001 3961 1036 4026 8.]
1054 3965 1094 4011 tuo
1112 3962 1188 4025 ipitur
1200 3961 1310 4024 periculo
1321 3962 1378 4025 fiat.

352 4039 448 4099 ἐκεῖνον,
472 4040 539 4104 ἐίπερ
562 4043 730 4105 προωφείλετο
752 4041 821 4106 αὐτῷ
846 4046 926 4093 κακόν.
1001 4045 1023 4092 8.
1050 4040 1131 4109 ἐτεόν]
1157 4042 1317 4108 particulam,
1349 4059 1397 4107 qua
1422 4043 1540 4091 instanter

354 4125 431 4174 Vert:
457 4125 593 4174 iamdudum
616 4125 692 4189 ipitar
713 4142 822 4188 ναορνιαννι
841 4127 928 4174 molum
967 4133 1079 4190 rogantes
1102 4132 1211 4184 utuntur,
1233 4124 1408 4188 Aristophanes
1429 4124 1541 4173 adhibuit

352 4207 466 4256 lateribus
485 4208 535 4255 tais
551 4207 632 4266 debes,
649 4207 675 4256 id
693 4213 741 4256 est:
759 4224 856 4272 operam
871 4208 928 4267 das,
967 4208 1041 4257 etiam
1059 4208 1195 4280 Aeneae,
1212 4209 1260 4257 609
1279 4207 1323 4272 Rq.
1343 4207 1382 4266 32,
1400 4206 1456 4266 733,
1467 4207 1539 4266 laco,

352 4289 445 4355 opinor,
461 4295 489 4338 ut
507 4289 633 4338 solvantur
650 4289 695 4338 tibi
713 4284 795 4354 flagra
809 4305 870 4353 quae
887 4290 928 4338 du·
968 4291 1033 4339 1392
1051 4291 1114 4340 Nub.
1134 4291 1173 4350 35,
1191 4291 1231 4349 93,
1249 4289 1304 4348 820,
1323 4290 1387 4338 1502
1402 4289 1474 4353 Vesp.
1485 4289 1540 4348 184,

353 4373 411 4421 dum
428 4372 601 4421 commeruisti.
968 4373 1015 4420 886
1034 4374 1079 4422 Av.
1099 4373 1147 4421 898
1164 4372 1230 4421 Rccl.
1249 4370 1305 4422 876.

385 4455 409 4503 4.
433 4451 567 4520 κνώδαλον]
594 4458 730 4504 montrum.
758 4453 833 4514 Voce,
860 4454 927 4503 cuius
999 4481 1033 4492 —
1050 4455 1223 4520 κορυβαντιᾷς]
1239 4454 1356 4502 terminus
1371 4457 1421 4500 -ιᾶν
1430 4453 1540 4502 morbum

324 4531 326 4543 '
352 4536 425 4601 stirps
444 4536 575 4600 ignoratur,
593 4536 698 4585 comicus
716 4536 790 4585 etiam
807 4537 863 4601 Lys.
878 4535 927 4588 477
957 4536 1073 4607 ¹indicare
1100 4536 1175 4595 solet,
1205 4537 1236 4585 cf.
1263 4538 1398 4596 σιβυλλιῖον
1423 4535 1468 4600 Rq.
1495 4537 1539 4595 el,

352 4619 436 4670 utitur.
452 4619 602 4679 Absurdam,
613 4615 926 4684 qunmscholiapraehent,
968 4623 1094 4679 λιρμαπιᾶν
1117 4619 1178 4666 Ran.
1196 4619 1253 4678 494,
1272 4616 1385 4680 ἰλιγγιᾶν
1403 4619 1464 4667 Aah.
1483 4618 1539 4677 581,

352 4702 538 4770 originationem
560 4703 635 4767 (παρὰ
659 4701 689 4750 τὸ
714 4699 784 4752 κυσὶν
808 4700 926 4752 ἁλίσκεσ-
968 4701 1041 4760 1218,
1059 4697 1212 4749 σκοτοδινιᾶν
1230 4701 1379 4760 insulula,
1397 4701 1539 4762 βουλιμιᾶν,
