3538 5536
347 595 428 646 mu
876 594 1007 644 usfar.

347 786 424 831 nam
454 769 563 830 autem
593 763 733 850 procedit
762 763 885 842 ebrius,
917 765 1082 830 cantatriei
1105 785 1122 830 e
1146 766 1294 830 convivio
1319 763 1467 851 abreptae
1489 765 1535 829 in-

346 874 451 950 nisus,
476 876 683 958 persequente
705 875 831 937 caterva
850 859 1086 936 clamitantium
1106 873 1315 937 convivarum
1334 870 1533 957 aliorumque

348 981 486 1056 civium,
522 999 602 1064 ques
633 981 667 1043 in
696 979 750 1043 via
779 976 907 1063 publica
937 975 1109 1043 lacessivit.
1142 976 1245 1043 Filius
1277 999 1353 1044 varo
1376 983 1415 1042 nt
1436 976 1533 1043 finem

347 1084 443 1151 faciat
471 1085 589 1163 turbis,
621 1105 698 1171 quas
729 1083 849 1150 delirus
871 1084 968 1150 homo
992 1089 1064 1152 ante
1088 1084 1221 1150 domum
1245 1105 1337 1150 suam
1361 1086 1442 1151 ciere
1466 1104 1534 1169 per-

347 1194 415 1278 git,
439 1190 613 1258 sublimem
635 1212 710 1256 eum
733 1191 837 1257 aufert
860 1196 892 1256 et
914 1193 1039 1256 intimis
1062 1195 1155 1258 tectis
1178 1191 1275 1257 abdit.
1312 1189 1383 1257 Non
1407 1193 1442 1256 in
1465 1210 1533 1255 can·

347 1303 421 1364 turn
448 1300 553 1385 igitur
582 1297 763 1384 laetamque
794 1297 998 1364 saltationem
1028 1319 1112 1364 6666
1144 1299 1211 1364 exit
1233 1297 1343 1364 drama
1366 1297 1421 1363 sed
1443 1298 1478 1363 vi
1501 1298 1533 1361 et

319 1463 323 1480 ,
348 1407 444 1470 minis
466 1404 635 1470 clauditur.

393 1511 550 1578 Fabulam
579 1518 687 1578 autem
718 1533 737 1578 a
766 1517 858 1600 poeta
887 1533 952 1578 non
982 1511 1080 1578 talem
1104 1532 1171 1579 esse
1194 1511 1382 1599 evulgatam
1405 1509 1533 1598 qualem

348 1618 501 1685 traditam
523 1622 702 1707 accepimus
726 1621 754 1685 si
777 1622 830 1685 eui
852 1620 994 1686 nondum
1013 1621 1090 1684 satis
1110 1618 1535 1707 estpersuesum‚inspieiat

347 1725 442 1792 modo
474 1747 584 1792 versus
609 1724 695 1792 1449
719 1747 776 1812 sq„
801 1726 857 1792 ubi
881 1747 993 1804 senex,
1018 1725 1246 1792 contumeliose
1269 1725 1377 1791 afilia
1401 1723 1534 1796 domum

348 1836 533 1918 protrusus,
563 1834 707 1918 sequenti
738 1835 851 1898 statim
880 1853 976 1898 versu
1007 1852 1026 1897 6
1057 1832 1151 1898 chore
1179 1833 1291 1899 beatus
1314 1830 1533 1917 praedicatur,

348 1960 424 2005 mox
457 1943 566 2004 autem
598 1960 645 2005 vs.
683 1936 770 2004 1482
805 1960 871 2025 sqq.
907 1938 1010 2004 hilara
1041 1945 1149 2005 mente
1180 1939 1326 2025 laetoque
1357 1936 1455 2004 vultu
1478 1955 1535 2001 nec

348 2043 426 2110 moli
448 2044 623 2132 quidquam
646 2048 824 2131 suspicatus
846 2047 881 2110 in
905 2066 1031 2111 scenam
1055 2044 1173 2112 saltans
1197 2043 1298 2124 redit;
1324 2043 1363 2111 de
1386 2045 1456 2108 rixa
1478 2039 1536 2106 illa
1634 2035 1645 2058 “

347 2149 438 2216 nulla
460 2153 527 2216 iam
548 2154 680 2218 inicitur
701 2155 839 2230 mentio,
863 2172 965 2238 neque
986 2152 1160 2218 retrahitur
1179 2173 1198 2218 a
1218 2150 1302 2229 filio,
1323 2170 1419 2236 quem
1438 2166 1536 2214 nevas

348 2263 456 2324 tamen
485 2258 594 2324 turbas
624 2264 766 2325 metuere
798 2279 856 2344 par
888 2263 973 2344 erat,
1008 2257 1063 2324 sed
1094 2258 1236 2325 fabulam
1267 2257 1398 2324 iocando
1422 2261 1455 2322 et
1478 2253 1536 2320 sal·

349 2365 443 2431 tando
474 2365 513 2431 ad
542 2364 639 2431 finem
662 2365 817 2452 perducit.
841 2363 928 2444 Quae
950 2386 1047 2452 quam
1070 2364 1204 2432 ridicule
1227 2367 1312 2430 inter
1335 2385 1368 2430 se
1390 2365 1536 2450 pugnent

348 2493 442 2538 nemo
464 2493 527 2538 non
548 2472 654 2552 videt;
679 2478 870 2560 quapropter
892 2494 955 2538 non
979 2476 1134 2538 assentior
1156 2476 1225 2538 viro
1251 2472 1341 2538 docto
1361 2470 1534 2547 Zielinski,

349 2581 405 2665 qui
428 2578 571 2645 versibus
597 2575 820 2644 1450-1473
844 2579 1009 2645 inlocum
1027 2601 1181 2646 versuum
1204 2577 1536 2646 1265-129111666

350 2687 463 2771 positis
487 2690 601 2751 cuncta
623 2688 657 2750 in
680 2687 847 2773 integrum
869 2689 998 2751 restitui
1017 2677 1113 2772 'posse
1135 2690 1229 2772 putat
1243 2683 1278 2767 ¹).

394 2790 588 2858 Luculenter
610 2794 708 2857 etiam
731 2813 769 2856 ex
792 2812 946 2866 versuum
973 2791 1060 2858 1292
1084 2813 1150 2879 sqq.
1176 2798 1208 2857 et
1234 2789 1320 2858 1474
1332 2813 1401 2878 sqq.
1413 2809 1536 2875 compa

325 2879 470 2965 'ratione
502 2905 633 2984 apparet
662 2896 804 2964 fabulam
836 2904 1041 2965 retractatam
1073 2920 1150 2966 esse.
1174 2899 1259 2965 Nom
1281 2906 1408 2984 poetam
1430 2897 1479 2963 bis
1501 2897 1536 2961 in

350 3008 409 3072 bac
438 3003 546 3071 fabula
575 3005 763 3091 produxisse
787 3026 917 3071 servum
940 3004 1055 3071 multis
1077 3027 1151 3071 cum
1175 3005 1366 3071 clamoribus
1388 3024 1537 3090 proruen-

351 3119 417 3179 tem
447 3117 485 3177 ut
515 3133 621 3178 coram
650 3111 879 3199 spectatoribus
909 3116 1093 3198 quereretur
1115 3133 1178 3178 non
1199 3115 1266 3177 iam
1288 3111 1421 3198 perferri
1444 3129 1536 3196 posse

351 3221 433 3284 senis
455 3221 632 3297 insaniam,
656 3218 690 3283 id
712 3219 834 3284 nemini
857 3221 969 3305 opinor
992 3217 1142 3285 credibile
1166 3218 1345 3296 videbitur,
1371 3238 1431 3304 ego
1454 3222 1537 3282 66116

350 3330 462 3413 poetae
492 3330 627 3392 venusto
657 3323 720 3390 1616
751 3324 827 3411 qnid
850 3327 1010 3410 imputare
1034 3324 1124 3404 nolo,
1148 3325 1203 3392 sed
1227 3323 1387 3411 duplicem
1410 3326 1536 3390 exitum

351 3433 391 3500 ad
412 3454 469 3498 666
492 3434 672 3518 pervenisse
694 3430 766 3498 luce
790 3430 908 3496 clarius
930 3432 1004 3498 hino
1028 3437 1135 3518 patere
1159 3431 1320 3499 contendo.

396 3538 462 3605 Nec
492 3560 554 3604 666
585 3538 671 3604 11616
702 3542 843 3625 arguunt
872 3540 942 3625 ipsa
964 3538 1078 3615 verba,
1103 3538 1218 3624 quibus
1242 3559 1352 3604 servus
1375 3558 1422 3603 vs.
1448 3533 1535 3600 1292

352 3667 429 3712 usus
460 3651 516 3710 est.
547 3645 632 3711 Nam
661 3644 762 3711 lector
790 3643 978 3722 hodiernus,
1010 3647 1066 3730 qui
1096 3648 1131 3710 in
1161 3644 1268 3710 fabula
1290 3644 1396 3731 aliqua
1418 3644 1538 3708 Aristo-

352 3753 474 3839 phanea
507 3751 644 3818 eundem
678 3753 785 3816 iocum
819 3750 922 3816 isdem
955 3750 1061 3817 vorbis
1096 3754 1285 3835 conceptum
1319 3749 1367 3816 bis
1397 3749 1536 3824 invenit,

352 3860 524 3925 memoriae
547 3859 733 3924 facetissimi
755 3861 867 3945 poetae
891 3856 1119 3924 contumeliam
1142 3857 1244 3923 facere
1263 3857 1345 3922 mihi
1364 3855 1493 3922 videtur
1511 3855 1539 3918 si

352 3971 526 4051 utrumque
555 3964 662 4031 locum
693 3967 728 4029 in
751 3963 861 4030 eadem
884 3963 1008 4030 fabulae
1031 3966 1253 4030 commissione
1276 3966 1455 4030 recitatum¹
1470 3981 1538 4026 esse

352 4070 503 4138 credibile
522 4071 619 4137 ducit.
640 4070 731 4151 Quod
750 4072 778 4136 si
797 4092 868 4137 meo
887 4073 958 4137 iure
978 4076 1103 4148 statuo,
1117 4091 1181 4136 non
1193 4070 1336 4136 eiusdem
1348 4070 1537 4139 recensionis

352 4183 427 4244 sunt
445 4180 530 4244 servi
548 4177 693 4264 querelae
713 4178 745 4243 11
765 4182 900 4259 χελῶναι
923 4177 1141 4258 candesceret
1154 4176 1303 4258 δέρματος
1316 4180 1377 4258 (vs.
1393 4173 1492 4256 1292)
1505 4177 1538 4239 61

387 4499 411 4562 1)
435 4498 582 4564 (1116161663
602 4499 644 4548 161
666 4497 823 4548 altattiechen
839 4497 958 4548 Komddie
977 4498 1040 4548 leat
1058 4515 1082 4564 p.
1101 4499 1163 4549 204:
1182 4499 1249 4558 „suf
1261 4498 1313 4548 6166
1330 4497 1538 4561 Ueberarbeitung

353 4598 383 4631 66
401 4581 532 4632 6611166666
623 4581 717 4631 scheint
733 4580 780 4630 mir
798 4581 914 4641 iibereilt;
939 4581 978 4631 116
995 4581 1177 4647 Schuieriglreit
1193 4581 1253 4630 11111
1270 4581 1392 4646 gehoben,
1408 4596 1478 4630 wenn
1494 4579 1539 4629 wir

353 4664 397 4714 166
421 4663 542 4714 Stasimon
564 4667 608 4727 (ve.
628 4661 801 4724 late-1473)
824 4679 856 4712 66
877 4663 916 4712 die
933 4663 1009 4713 Stella
1026 4664 1068 4714 der
1085 4663 1287 4728 Nebenparobaee
1303 4666 1347 4727 (16.
1365 4662 1539 4725 lact-12⁹1)

353 4753 531 4799 16661166...
549 4747 602 4797 Wir
618 4746 703 4798 1111166
720 4745 798 4796 demit
812 4745 873 4796 allos
890 4746 1030 4811 geordnet’'.
