3538 5536
770 620 902 690 meran.

512 791 576 849 τοῖν
600 785 673 850 θεοῖν
699 834 775 852 ....
798 787 1007 868 ψηφίσματα.

711 917 967 974 ΚΟΡΎΦΑΙΟΣ.

372 1026 452 1092 Ιοῖλλ’
477 1027 600 1108 ἕξοίψας
626 1029 678 1095 διοδ
701 1037 755 1104 τοῖς
780 1030 890 1112 θυρίδος
915 1033 950 1095 τὸ
975 1028 1133 1112 καλῴδιον,
1158 1027 1228 1097 εἶτα
1252 1032 1372 1109 καθίμα

243 1130 308 1198 380
377 1132 473 1211 δείσας
498 1136 610 1201 σαυτὸν
636 1137 687 1201 καῖ
711 1140 766 1212 την
790 1139 897 1219 ψυχὴν
921 1137 1159 1216 ἐμπλησάμενος
1186 1139 1371 1213 Διοπείθους.

691 1245 977 1326 'cisoranum

274 1378 313 1440 (In
329 1377 441 1428 inferiore
457 1379 576 1429 fenestrae
594 1396 636 1430 ora
649 1380 768 1440 considit3
784 1380 870 1430 deinde
883 1381 966 1431 funem
981 1381 1072 1431 circum
1090 1383 1208 1432 fenestrae
1223 1388 1345 1433 statumen
1355 1385 1430 1434 ducit.

242 1459 327 1510 Finem
344 1468 426 1512 eutem
442 1463 507 1513 funis
524 1464 679 1530 corporisne
697 1464 862 1529 circumligat;
881 1465 985 1514 alteram
1002 1481 1058 1514 vero
1076 1465 1126 1514 eius
1143 1471 1238 1531 partem
1254 1462 1375 1528 'demittit
1394 1468 1429 1519 ite

173 1553 175 1558 '
242 1549 270 1593 ut
287 1544 318 1593 ad
334 1546 414 1594 solum
431 1562 507 1611 usque
524 1547 645 1612 pertineat
661 1553 686 1597 et
702 1548 792 1613 partim
808 1547 878 1596 humi
893 1547 993 1598 residat.
1007 1548 1074 1596 Tunc
1087 1548 1200 1598 manibus
1214 1550 1332 1599 ambabus
1346 1551 1428 1598 funem
1472 1607 1478 1616 ὑ

242 1629 437 1693 comprehendit,
454 1635 482 1678 ut
499 1629 535 1680 ita
552 1646 577 1680 se
593 1630 682 1680 leniter
699 1631 830 1692 demittat.)
1423 1635 1427 1642 “

376 1726 440 1805 θίγε
463 1751 523 1807 νυν,
548 1729 583 1803 ἢν
607 1729 773 1807 αἰσθομένω
797 1727 893 1794 τοιίτοι
917 1727 1048 1812 ζητῆτθν
1071 1731 1106 1806 μ’
1130 1729 1383 1807 εῖσκαλαμοῖσθαι

378 1835 599 1901 κοῖνασπαστθν
624 1843 718 1902 ποιεῖν
743 1835 831 1914 εῖσοι,
855 1836 887 1901 τί
910 1836 1070 1931 ποιησετε;
1094 1835 1232 1918 Φροίζετε
1255 1838 1326 1903 νυνί.
1373 1886 1375 1888 -

711 1966 966 2024 ΚΟΡΤΦΑῙΟΣ.

377 2079 552 2157 οῖμυνοῖμέν
575 2103 620 2144 σοι
644 2082 694 2146 τδν
718 2079 843 2160 πρινώδη
869 2079 960 2159 θυμδν
985 2077 1103 2146 ἅπαντ’
1128 2081 1373 2161 ἐκκαλέσαντες,

377 2180 448 2250 ὥστ’
473 2187 505 2251 οὐ
527 2185 654 2253 δυνατίν
678 2188 708 2253 σ’
731 2184 843 2268 εἵργειν
866 2185 972 2252 ἔσται·
994 2192 1125 2253 τοιαῦτα
1145 2189 1307 2267 ποιήσομεν
1329 2191 1429 2270 ἡμεῖς.

705 2317 978 2377 ΦΙΛΟΚΛΕΩΝ.

242 2427 306 2495 385
375 2430 475 2512 δροίσα
505 2432 604 2497 τοίνυν
637 2431 708 2510 ὑμῖν
738 2433 877 2506 πίσυνος·
912 2435 964 2498 καῖ
991 2471 1034 2482 -
1058 2432 1224 2511 μανθάνετ’
1233 2454 1242 2513 ;
1269 2471 1312 2484 -
1337 2433 1370 2509 ἦν
1399 2459 1455 2533 τι,

1169 2541 1256 2605 ποίθυ
1281 2541 1361 2621 ε’γιθ,

334 2677 336 2682 ·
377 2641 536 2716 οῖνελθντες
572 2643 624 2708 καί
662 2646 943 2718 κατακλαύσαντες
976 2646 1070 2712 θεῖναί
1100 2646 1135 2723 μ’
1168 2647 1225 2712 ὑπὸ
1259 2655 1336 2713 τοῖσι
1369 2649 1431 2730 δρυ-

1163 2742 1307 2836 Φοίκτοις.

276 2926 331 2978 378,
349 2929 402 2977 τοῖν
419 2927 480 2978 θεοῖν
497 2923 623 2995 Hirschig]
640 2931 697 2978 ταῖν
715 2927 779 2978 θεαῖν
796 2929 825 2990 V,
842 2934 892 2977 τῶν
910 2929 965 2980 θεῶν
983 2930 1011 2980 R.

275 3011 331 3061 381.
349 3010 566 3078 εῖσκαλαμοῖσθαι]
583 3008 631 3061 ἕνα.
651 3013 684 3070 R,
704 3009 894 3073 ἑκκαλαμοῖσθαι
913 3013 957 3062 elii
973 3015 1046 3078 (quod
1062 3014 1126 3064 infre
1143 3031 1177 3064 vs.
1194 3015 1241 3064 509
1259 3022 1323 3065 recte
1339 3015 1430 3077 habet).

275 3093 331 3143 383.
348 3093 443 3142 ἅπαντ’
461 3090 645 3152 ἐκκαλέσαντες
663 3094 751 3160 Cobet]
768 3094 878 3152 ἅπαντες
896 3093 1058 3153 καλέσαντες.

275 3174 474 3242 λελοίπασιν]
493 3178 527 3226 τῖι
546 3179 575 3238 R,
593 3175 664 3227 ε’ίσοι·
683 3179 719 3226 τα
736 3179 844 3226 τοιαῦτα
861 3177 957 3242 Reisig,
974 3175 1065 3226 ieras·
1083 3178 1118 3226 τῖι
1136 3181 1244 3228 τοιαῦτα
1262 3179 1389 3244 Tyrwhitt.

276 3259 332 3308 385.
349 3257 493 3326 μανθάνετ]
511 3257 631 3321 μέμνησθ’
648 3260 760 3325 Bentley.

276 3426 332 3479 378.
350 3427 518 3494 ψηφίσματα]
529 3428 634 3478 similem
643 3445 747 3478 errorem
756 3446 818 3478 com·
891 3429 947 3478 380.
965 3427 1058 3497 δείσας]
1074 3429 1138 3479 redit
1154 3431 1255 3480 verbum
1272 3448 1306 3480 vs.
1325 3430 1380 3483 397.

241 3497 341 3560 mittens
366 3517 440 3576 atque
466 3528 499 3560 vs.
519 3512 566 3561 525
592 3529 663 3562 senex
689 3513 735 3560 hac
759 3529 817 3562 voce
889 3538 924 3549 -
940 3509 1094 3578 Διοπείθους]
1108 3513 1249 3563 notissimus
1264 3515 1310 3563 hoc
1324 3521 1431 3579 tempore

242 3593 327 3652 utitur,
350 3610 405 3642 curu
428 3594 506 3644 dicere
528 3594 602 3644 vellet
620 3592 754 3656 μυστήρια.
780 3595 817 3644 De
856 3594 976 3659 haruspex
1003 3603 1027 3643 et
1052 3602 1134 3644 orator
1156 3596 1204 3645 fuit
1225 3597 1365 3660 Dispitlres,
1382 3597 1432 3647 vid.
1492 3589 1495 3596 ’

236 3677 379 3740 profanatis
395 3678 556 3742 mysteriia-
565 3678 629 3743 quod
647 3678 817 3743 gravissimum
856 3677 902 3742 llq.
917 3677 996 3736 1085;
1011 3684 1094 3726 nostro
1108 3684 1190 3728 tamen
1204 3678 1257 3728 loco
1273 3681 1324 3728 eius
1338 3679 1432 3728 nomini

241 3757 344 3808 Athenis
362 3765 414 3809 erat
431 3759 522 3810 crimen
538 3788 572 3798 -
588 3762 686 3811 omnino
703 3778 752 3810 non
769 3762 818 3826 egi·
856 3759 973 3810 tribuitur
998 3759 1144 3824 significatio
1170 3776 1241 3824 quam
1268 3762 1361 3811 indicat
1383 3767 1432 3827 ety-

241 3847 282 3891 tur
298 3843 344 3892 hoc
360 3842 429 3902 loco,
447 3843 489 3892 sed
503 3844 575 3894 choro
591 3845 696 3893 comicus
705 3845 818 3913 consulto
856 3843 977 3907 molcgia,
995 3858 1081 3907 nempe
1098 3843 1182 3892 mentis
1200 3845 1254 3893 Iove
1267 3846 1383 3908 confisae;
1400 3846 1432 3894 cf.

240 3925 328 3974 tribuit
344 3925 423 3974 mines
440 3941 511 3974 sensu
528 3934 644 3976 carentes.
857 3927 985 3992 Φιλόξενος
1003 3941 1037 3975 vs.
1056 3927 1095 3984 84,
1113 3926 1156 3974 ubi
1174 3925 1222 3975 vid.

276 4005 333 4058 379.
358 4006 464 4074 θυρίδος]
490 4009 607 4059 domuum
632 4027 689 4075 pars
716 4010 817 4060 inferior
891 4009 947 4058 381.
974 4006 1191 4072 εῖσκαλαμοῖσθαι]
1217 4009 1338 4058 attrahas
1355 4011 1389 4059 ad
1405 4026 1431 4059 το

240 4091 321 4140 lucem
343 4108 371 4140 ex
395 4092 453 4140 aula
470 4093 617 4157 accipiebat,
634 4093 743 4158 superior
760 4110 816 4142 vero
856 4095 893 4154 (ut
915 4092 1022 4156 piscator
1043 4091 1134 4156 piscem
1157 4090 1230 4140 hamo
1254 4095 1369 4156 captum).
1394 4092 1431 4141 cf.

241 4190 290 4222 nne
315 4174 456 4238 pluribusve
472 4176 595 4239 fenestris
617 4182 669 4225 erat
685 4177 817 4236 instructa,
857 4170 1049 4235 ἔκκαλαμοῖσθαι
1068 4190 1102 4222 vs.
1121 4174 1177 4222 609.

241 4258 273 4306 cf.
299 4257 444 4322 Thesmopb.
471 4255 528 4316 797,
554 4259 642 4307 Athen.
668 4257 712 4306 XV
738 4257 815 4310 osta.
891 4257 948 4306 383.
973 4254 1089 4322 πρινώδη]
1116 4258 1145 4306 cf.
1169 4258 1229 4308 Ach.
1247 4259 1295 4307 180
1317 4256 1433 4322 γέροντες

241 4338 405 4394 Philocleonis
431 4340 530 4389 domum
555 4357 626 4389 ακανο
648 4341 762 4391 habuisse
784 4342 817 4390 fe·
857 4339 969 4400 πρίνινοι,
987 4339 1050 4388 infra
1068 4356 1103 4388 vs.
1122 4339 1169 4391 877
1187 4341 1217 4389 τὸ
1236 4340 1292 4390 λίαν
1311 4347 1432 4403 στρυφνον

240 4427 347 4471 nestram
362 4428 468 4472 testetur
484 4423 611 4474 articulus.
857 4421 899 4470 καῖ
915 4421 1018 4483 πρίνινον
1035 4419 1101 4480 ηθσς,
1125 4424 1187 4472 Ran.
1206 4424 1253 4472 859
1272 4423 1303 4470 σθ
1321 4422 1343 4471 δ’
1361 4421 1431 4480 sotor

274 4531 309 4542 -
325 4505 355 4554 τὸ
370 4502 502 4571 καλῴδιον]
517 4511 609 4555 νοτίοιο
618 4506 725 4572 aliquem
734 4508 816 4556 funem
857 4502 938 4566 ν’ίσπερ
952 4506 1033 4566 πρῖνος
1042 4503 1188 4567 ἐμπρησθεὶς
1198 4508 1267 4571 βοᾷς.
1282 4506 1364 4556 Etiam
1373 4505 1431 4555 Hes.

242 4586 372 4651 significari
403 4593 484 4652 patet,
510 4605 577 4648 eum,
603 4589 629 4638 ni
655 4589 741 4649 fallor,
769 4606 816 4655 quo
858 4588 904 4653 Op.
923 4589 970 4637 145
989 4588 1164 4652 comparandus
1182 4595 1225 4638 est.

241 4674 306 4729 rete,
334 4671 398 4734 quod
422 4688 486 4720 nunc
512 4687 636 4735 perrosum
663 4678 712 4732 est,
738 4673 818 4722 fuerat
891 4671 959 4735 386]
984 4667 1120 4732 δρύφακτον
1144 4671 1201 4732 (ie.
1225 4668 1373 4733 δριίφαρκτοι
1392 4671 1431 4720 vel

243 4758 376 4804 extensum.
705 4821 713 4833 .
858 4751 1020 4816 δριίφρακτοι,
1043 4771 1058 4802 a
1080 4753 1159 4803 verbis
1182 4751 1236 4815 δρῦς
1255 4759 1278 4802 et
1295 4752 1432 4817 φάργννμι)
