3538 5536
760 599 890 648 VESPAR.
1324 597 1416 646 XXVII

231 765 339 830 minae
350 765 491 833 chorius.
501 765 567 832 428
575 767 658 845 Φήμ·
667 767 727 846 ἐγὼ
739 768 798 841 τὰς
811 768 952 850 χελώναις
964 775 1127 847 μακαριεῖν
1139 793 1174 834 σε
1186 770 1239 834 τοῦ
1253 765 1414 847 δέρματος.

279 870 348 938 Duo
381 876 485 960 igitur
513 877 619 941 exitus
647 879 800 962 permixti
830 882 905 943 6661
936 883 970 945 61
999 879 1212 967 conglutinati
1226 874 1269 958 ¹).
1293 895 1356 940 uon
1378 874 1414 936 in

230 998 333 1044 uuum
363 978 558 1047 coaluerunt.
582 983 734 1049 Attamen
757 983 864 1050 oleum
888 1006 1079 1071 operamque
1100 984 1210 1071 perdat
1235 984 1291 1068 qui
1313 981 1413 1046 altero

230 1083 334 1151 deleto
364 1085 490 1153 fabulae
519 1091 733 1156 recensionem
764 1093 832 1157 sive
854 1093 994 1177 priorem
1017 1094 1085 1158 6166
1107 1092 1315 1179 posteriorem
1336 1089 1415 1153 inte-

230 1212 324 1279 gram
353 1196 520 1261 restituere
543 1200 683 1262 6666166.
707 1197 791 1263 Nam
815 1201 842 1264 si
865 1199 1001 1265 abicitur
1024 1201 1129 1265 exitus
1152 1198 1357 1284 primitivus,
1380 1194 1416 1257 in
1487 1231 1492 1246 ι

231 1319 326 1365 versu
359 1298 444 1366 1449
480 1301 589 1368 fabula
623 1304 785 1382 subsistit,
829 1327 892 1371 non
926 1304 1081 1383 decurrit,
1117 1303 1178 1370 fine
1212 1307 1314 1379 caret;
1350 1319 1416 1365 cor·

230 1407 359 1471 rectoris
391 1412 499 1473 autem
534 1411 671 1498 vestigia
701 1413 730 1476 61
760 1410 863 1478 161666
894 1432 1061 1490 conamur,
1087 1416 1125 1477 61
1153 1409 1294 1477 fabulam
1317 1407 1417 1474 talem

230 1512 436 1580 exhibeamus
466 1514 572 1603 qualis
599 1518 634 1582 in
657 1523 817 1585 certamen
838 1540 919 1585 anno
943 1517 1009 1586 422
1023 1524 1081 1585 661
1104 1519 1289 1595 commissa,
1314 1512 1414 1580 nihilo

230 1619 347 1684 melius
376 1621 468 1688 nobis
495 1622 667 1702 66111666,
692 1645 768 1691 nam
791 1622 868 1692 0166
891 1626 994 1692 616611
1016 1628 1208 1693 nominatim
1232 1622 1412 1698 vellicatur,

230 1747 295 1791 non
328 1729 382 1802 ,ita
422 1729 461 1795 ab
494 1731 588 1796 initio
623 1733 779 1816 scriptum
812 1732 911 1799 fuisse
945 1733 1182 1820 intellegimus,
1217 1751 1274 1798 nec
1308 1735 1416 1794 tamen

231 1837 339 1901 omitti
372 1841 506 1923 possunt
538 1857 575 1902 66
608 1827 717 1912 omnia
751 1839 819 1904 eine
850 1844 1017 1905 contextus
1048 1839 1247 1905 detrimento.
1279 1834 1416 1900 16666166

231 1963 299 2008 esse
328 1942 495 2028 postmodo
524 1931 635 2010 versus
670 1943 757 2010 1030
776 1965 854 2032 666,
886 1949 920 2011 16
951 1946 1067 2033 quibus
1091 1942 1167 2012 Oleo
1190 1943 1230 2009 ad
1253 1938 1416 2027 exemplar

230 2047 397 2136 rlyphouis
420 2049 573 2116 Hesiodei
596 2051 801 2138 depingitur,
825 2073 922 2141 supra
945 2053 1085 2120 vidimus
1098 2050 1142 2134 ⁹),
1166 2071 1223 2118 nec
1246 2071 1309 2115 uon
1330 2048 1416 2114 idem

230 2161 354 2223 constat
384 2156 423 2223 de
453 2157 598 2223 66661166
631 2155 873 2238 1284-1291,
905 2162 961 2246 661
991 2157 1108 2227 (116666
1138 2161 1214 2226 6166
1236 2156 1332 2224 666111
1354 2175 1417 2219 666

230 2268 452 2350 6616666611).
484 2262 626 2330 Delenda
656 2270 819 2350 praeterea
840 2269 907 2331 iam
929 2266 1013 2332 foret
1035 2267 1187 2332 1666666116
1210 2285 1248 2330 66
1270 2282 1359 2349 pars,
1381 2263 1417 2325 in

230 2390 294 2456 qua
315 2390 410 2436 senex
432 2372 577 2436 66661616
599 2369 733 2458 aliisque
756 2372 880 2439 6161166
900 2374 1030 2460 negotia
1048 2373 1175 2440 facessit
1194 2377 1254 2452 (66.
1284 2367 1415 2434 1292-

232 2474 352 2558 144916
384 2480 474 2564 61661
503 2480 587 2543 16661
615 2476 705 2544 locus
736 2485 796 2560 (vs.
824 2479 1077 2559 leae-1331),
1101 2480 1157 2546 ubi
1178 2478 1346 2544 manifesta
1369 2480 1418 2541 661

232 2580 383 2670 Cyclopis
417 2583 583 2669 Euripidei
616 2586 774 2664 imitatio,
810 2591 1001 2672 quapropter
1031 2588 1130 2671 priori
1160 2586 1333 2652 recensioni
1362 2585 1418 2648 tri·

231 2688 378 2754 buendus
399 2689 538 2768 6116166,
562 2690 647 2776 6661
671 2693 699 2755 61
722 2693 768 2756 116
792 2696 860 2771 661,
884 2692 1057 2759 666666166
1081 2696 1129 2758 661
1152 2693 1268 2779 potius.

278 2795 322 2861 111
353 2797 392 2862 16
422 2796 627 2863 festivissime
659 2797 798 2885 episodio
828 2820 875 2864 66.
903 2793 1416 2882 1122-1264,uerdely0100

232 2901 467 2989 elegantiarum
489 2906 684 2990 magistrum
708 2906 794 2990 agit,
819 2905 896 2990 6611
919 2904 1113 2971 statuimus?
1135 2906 1311 2991 Aptissima
1330 2903 1417 2968 enim

231 3015 359 3096 patrem
391 3008 502 3095 pulcra
536 3014 625 3076 veste
654 3013 807 3096 66616666
838 3010 951 3079 6616616
978 3033 1088 3078 ornare
1111 3017 1143 3077 et
1166 3010 1311 3077 cultioris
1332 3011 1418 3075 vitae

232 3123 318 3182 artes
342 3116 451 3183 docere
470 3120 592 3202 potest,
613 3119 641 3182 si
660 3116 772 3184 deinde
791 3139 868 3185 eum
885 3140 994 3185 secum
1014 3119 1208 3186 abducturus
1228 3117 1419 3187 66116166

230 3226 325 3289 tioris
348 3223 482 3289 61166166
504 3223 643 3289 hominis
666 3223 774 3303 aedee;
800 3225 854 3291 sed
878 3247 973 3291 sensu
994 3227 1059 3293 fere
1083 3231 1190 3293 carent
1213 3225 1290 3291 haec
1313 3225 1420 3290 omnia

231 3332 264 3396 si
291 3351 366 3395 mox
397 3329 483 3395 domi
511 3351 587 3395 suae
617 3335 693 3396 sunt
722 3334 874 3398 cenaturi.
907 3331 1018 3419 Itaque
1049 3335 1126 3400 haec
1159 3353 1283 3419 quoque
1316 3333 1420 3416 operis

231 3457 307 3524 pars
335 3438 520 3502 retractanti
548 3439 659 3502 manui
689 3437 818 3504 6116166
850 3438 973 3519 161661;
1000 3445 1032 3506 61
1055 3440 1094 3507 16
1117 3440 1261 3506 versibus
1287 3436 1419 3504 1220-

234 3539 324 3609 1237
355 3542 501 3630 quidem,
532 3544 589 3609 ubi
619 3541 695 3611 0166
725 3532 894 3630 praedator
915 3549 1030 3612 aerarii
1053 3551 1085 3612 et
1108 3544 1299 3632 reipublicae
1320 3544 1419 3630 pestis

232 3655 385 3728 6666166,
409 3651 537 3716 omnino
560 3649 594 3714 id
617 3655 759 3716 constare
783 3652 937 3730 arbitror,
962 3673 1063 3739 neque
1088 3651 1199 3718 dubito
1219 3651 1257 3718 de
1276 3649 1419 3717 versibus

232 3759 381 3845 proxime
416 3756 620 3842 sequentibus
654 3761 715 3838 (vs.
756 3755 1003 3841 laec-1248).
1039 3762 1083 3825 At
1117 3762 1151 3824 16
1185 3761 1288 3845 priore
1322 3758 1419 3823 huius

233 3862 388 3950 colloquii
417 3869 523 3950 parte,
547 3863 604 3929 ubi
626 3867 747 3949 persica
771 3863 862 3931 laena
885 3887 980 3932 senex
1002 3887 1021 3932 a
1043 3866 1109 3932 filio
1132 3868 1299 3944 amicitur,
1323 3884 1420 3950 quam

232 3973 377 4040 manime
407 3976 516 4057 aperta
545 3975 595 4035 661
624 3969 818 4058 Polyphemi
848 3975 1007 4051 imitatio,
1039 3977 1230 4059 quapropter
1266 3992 1283 4038 a
1316 3972 1420 4057 priore

231 4080 414 4145 recensione
437 4078 522 4143 hunc
545 4076 654 4144 locum
679 4077 828 4146 divellere
851 4100 914 4145 non
937 4078 1023 4145 licet.

235 4247 433 4261 ...-...-...-

272 4339 296 4402 1)
318 4337 390 4404 Quod
411 4338 464 4388 fieri
487 4337 545 4404 quin
561 4339 669 4403 potuerit
685 4355 715 4389 ne
732 4339 844 4390 dubitare
862 4339 959 4405 quidem
975 4355 1019 4388 nos
1036 4339 1095 4390 sinit
1112 4338 1221 4389 Notium
1238 4339 1336 4389 1616166
1354 4338 1421 4389 locus

233 4437 273 4472 66.
288 4419 405 4486 713666,
423 4421 466 4470 ubi
482 4420 521 4470 bis
538 4420 603 4470 idem
619 4421 710 4487 legitur
727 4422 807 4472 verbis
824 4422 925 4472 11666616
940 4437 1090 4487 expressum,
1106 4419 1238 4475 'lae-tm
1248 4427 1273 4472 61
1281 4420 1421 4482 731-181,

233 4519 298 4571 quos
323 4519 406 4553 666666
431 4520 480 4554 666
502 4502 611 4569 potuisse
633 4519 716 4555 omues
738 4504 850 4571 deinceps
870 4503 974 4570 proferri
990 4504 1033 4554 sed
1050 4509 1094 4555 aut
1110 4503 1201 4572 priores
1218 4509 1263 4554 aut
1279 4503 1422 4570 posteriores

231 4586 374 4639 recitandos
390 4585 464 4636 161666
482 4585 562 4652 661616
579 4585 654 4637 ridet.

273 4668 299 4730 2)
316 4667 354 4718 (11.
369 4684 425 4734 pag.
441 4681 516 4720 xxm.

272 4750 512 4818 8)0f.pag.xx17.
