3538 5536
346 593 366 658 2

388 779 486 842 Aelor
509 777 622 840 tertius
644 777 715 860 agit
738 773 850 839 Sosiam
873 780 906 839 oi
927 775 961 837 in
984 772 1045 838 fine
1069 771 1193 837 fabulae
1222 769 1396 846 Convivam,
1418 766 1529 832 Melie

346 920 423 975 reris,
453 897 559 962 Oioem.
1240 886 1243 895 '

390 1019 535 1096 Poenos,
561 1021 615 1104 qui
638 1017 794 1084 sodalium
817 1039 949 1082 suorum
971 1019 1106 1094 nomine*
1122 1015 1219 1080 verba
1242 1013 1319 1078 facit
1343 1035 1391 1078 vs.
1418 1011 1528 1077 248-

347 1140 422 1219 316,
447 1147 578 1226 quartus
601 1143 670 1227 agit
694 1147 780 1205 octor
804 1145 893 1204 extro
917 1138 1060 1204 ordinem
1084 1139 1201 1202 ascitus
1217 1133 1252 1212 ¹).

391 1375 511 1441 Fabula
534 1379 642 1462 agitur
665 1331 815 1452 Atlisnis,
841 1380 912 1438 anie
937 1373 1070 1438 domum
1094 1370 1315 1436 Philoeleonis.

349 1641 439 1690 fuerint
464 1641 570 1693 tributos
595 1658 644 1690 nou
667 1647 703 1690 est
725 1640 832 1690 dubium.
857 1641 903 1689 Sed
925 1640 1000 1689 etium
1022 1639 1067 1688 filii
1085 1637 1241 1703 gravissimae
1258 1641 1314 1709 sunt
1332 1640 1425 1700 portes,
1445 1632 1534 1697 quippe

260 1787 263 1794 Ι
350 1724 419 1772 ouius
434 1741 474 1773 ore
490 1730 576 1788 poete,
593 1724 691 1789 perinde
709 1729 781 1788 atque
798 1723 824 1772 iu
841 1722 1036 1772 Achemensihus
1054 1728 1078 1771 et
1095 1722 1121 1770 in
1135 1721 1198 1770 Psee
1212 1737 1252 1769 ore
1266 1717 1477 1782 Dioseopolidiss
1505 1731 1535 1762 ue

351 1806 466 1870 Trygoei,
490 1823 545 1855 sues
567 1809 674 1871 proferat
698 1807 823 1871 opiniones
846 1803 956 1871 bonaque
978 1806 1071 1854 civibus
1089 1805 1190 1853 oonsilio
1207 1803 1335 1852 ministret.
1353 1801 1440 1864 Itaque
1458 1798 1536 1846 nisis

352 1889 446 1937 duobus
463 1889 620 1937 histrionibus
636 1889 862 1953 praestantissimis,
882 1888 951 1953 quasi
968 1888 1034 1936 dices
1050 1887 1109 1936 duos
1124 1887 1315 1952 protogenistss,
1330 1879 1537 1938 heeooomoedis,

353 1978 381 2020 ut
399 1970 524 2035 Sophoolis
543 1971 672 2034 Antigona,
689 1971 735 2019 rite
753 1970 792 2034 agi
810 1987 858 2019 non
875 1971 962 2034 potuit.

387 2053 411 2114 1)
433 2053 500 2101 Telis
521 2069 623 2117 persona
646 2070 660 2101 e
683 2052 782 2101 Polluce
804 2051 839 2101 IV
858 2053 905 2100 110
929 2057 1028 2101 vocatur
1050 2048 1266 2113 παραχορήγημα,
1290 2047 1405 2113 quonism
1422 2045 1537 2108 ohorego,

353 2135 395 2200 qui
412 2136 511 2184 chorum
528 2142 624 2185 tentum
640 2152 724 2184 ornere
743 2135 844 2194 soleret,
862 2141 928 2185 extra
947 2135 1055 2184 ordinem
1073 2127 1125 2184 ersi
1143 2133 1291 2191 erhibsnde3
1309 2137 1357 2180 tres
1376 2130 1440 2178 enim
1458 2127 1539 2176 histri·

354 2234 410 2266 ones
434 2219 532 2283 publioo
555 2224 636 2267 sumtu
653 2217 837 2266 adhibebantur.
861 2245 895 2254 —-
917 2217 999 2266 Etiam
1016 2218 1113 2282 puellae
1132 2233 1193 2281 quse
1210 2217 1236 2265 in
1253 2215 1317 2263 Psoe
1334 2221 1358 2262 et
1376 2229 1435 2277 puer
1454 2211 1539 2275 quiin

268 2295 271 2301 ¹
354 2300 478 2365 Euripidis
494 2301 617 2350 Alcestide
633 2301 751 2349 nonnulle
768 2305 872 2359 sonunt,
890 2306 946 2350 suut
963 2297 1211 2362 παραχορηγῆματα.
