3538 5536
744 601 875 676 mersa,
1341 607 1400 654 xrx

218 762 368 830 damnare
398 768 486 851 prius
517 787 614 852 quam
644 766 753 834 audire
773 773 920 853 paratus,
943 770 1030 835 idem
1053 774 1160 836 tamen
1183 773 1291 857 stipite
1314 769 1401 839 stoli·

218 870 288 937 dior
319 873 437 957 quique
468 877 587 961 apertis
619 874 719 941 oculis
742 874 898 941 ludificari
920 897 952 942 se
975 879 1133 962 patiatur;
1158 916 1201 927 -
1225 880 1320 944 homo
1342 878 1399 946 ills

217 981 351 1064 agrestis
382 982 470 1044 omni
500 984 605 1069 gratia
635 981 808 1047 destitutus
838 987 870 1048 et
900 981 939 1048 ab
969 983 1106 1049 urbanae
1129 986 1214 1049 vitae
1236 983 1399 1051 lenociniis

216 1083 357 1161 alienus,
389 1090 444 1172 qui
466 1097 636 1176 postquam
659 1108 678 1153 a
700 1088 767 1154 filio
790 1089 829 1154 ad
851 1091 975 1155 victum
997 1091 1218 1156 humaniorem
1242 1096 1290 1156 est
1312 1111 1400 1158 reso

215 1196 323 1269 catus,
355 1179 454 1259 semel
483 1199 614 1283 gustato
636 1198 711 1261 vino
735 1197 881 1262 omnibus
904 1216 1054 1262 nauseam
1076 1199 1193 1262 incutit
1214 1199 1400 1283 importuna

216 1295 381 1365 dicacitate
411 1320 447 1365 ac
477 1300 659 1380 salacitate,
685 1339 784 1352 --
806 1305 835 1368 is
858 1309 906 1369 est
929 1324 1026 1389 quem
1053 1303 1168 1368 0111111
1190 1305 1399 1368 admiratorem

215 1408 309 1488 poeta
338 1407 527 1473 nominavit.
561 1408 632 1473 Nou
663 1411 784 1494 petitur
813 1407 889 1476 Oleo
911 1409 1022 1476 hodie:
1048 1408 1169 1475 scilicet
1191 1410 1239 1475 bis
1263 1410 1399 1476 eundem

215 1509 433 1578 adversarium
451 1517 657 1600 Ι11111111111
688 1516 833 1587 bissem
857 1516 969 1581 eodem
992 1521 1181 1602 argumento
1204 1519 1325 1582 versari
1346 1537 1399 1603 ge·

213 1638 346 1684 nerosus
369 1622 494 1686 animus
517 1621 667 1708 feraxque
685 1624 854 1710 ingenium
872 1627 1001 1708 poetam
1018 1644 1081 1688 non
1101 1623 1259 1700 sinebant,
1280 1625 1307 1687 si
1327 1625 1399 1707 quis

212 1727 277 1812 ipsi
310 1727 501 1793 credendum
535 1749 602 1794 esse
637 1734 746 1814 putat,
790 1729 952 1816 aliquanto
987 1733 1095 1795 tamen
1130 1732 1248 1795 rectius
1283 1729 1399 1794 dixeris

212 1832 459 1919 Aristophanem
482 1837 602 1901 cavisse
625 1857 664 1902 ne
688 1836 789 1902 denuo
810 1839 845 1902 in
867 1836 1023 1901 iudicium
1043 1841 1218 1902 vocaretur.
1244 1833 1305 1902 Oui
1324 1856 1398 1901 vero

212 1941 260 2004 ita
289 1942 439 2025 parcitur,
470 1943 498 2007 is
529 1945 662 2028 gmvius
694 1945 790 2008 etiam
821 1941 944 2008 laborat
975 1963 1071 2028 quam
1094 1945 1128 2006 in
1152 1963 1247 2027 quem
1270 1946 1399 2028 apertus

213 2043 251 2110 fit
278 2047 429 2133 impetus.
462 2045 570 2114 Gladii
601 2051 685 2115 ictus
708 2054 813 2135 potest
836 2048 966 2134 repelli,
991 2049 1044 2114 sed
1067 2053 1175 2114 contra
1198 2069 1323 2114 morsus
1346 2067 1399 2112 cu·

213 2148 315 2216 licum
334 2152 474 2239 undiquc
491 2157 823 2239 circumstrepentium
838 2175 887 2220 ars
903 2153 1016 2220 bellice
1031 2153 1120 2219 nulla
1131 2153 1232 2234 valet3
1250 2159 1395 2231 taurum,

214 2259 272 2343 qui
301 2257 427 2325 leonem
457 2260 629 2328 sublimem
653 2267 757 2347 potest
779 2260 909 2340 tollere,
932 2262 967 2325 in
989 2259 1102 2347 fugam
1125 2263 1240 2326 conicit
1261 2258 1398 2345 pusillus

212 2364 357 2432 tabanus.

259 2473 400 2559 Apparet
417 2474 520 2562 igitur
538 2474 680 2541 fabulam
699 2479 840 2540 nostram
860 2476 1011 2560 scriptam
1031 2494 1098 2539 csse
1118 2471 1396 2539 adludificandum

213 2575 365 2646 Oleonem
388 2586 421 2646 et
442 2583 646 2661 institutum,
679 2603 741 2668 quo
763 2583 924 2668 insignem
948 2601 1048 2667 nuper
1071 2585 1165 2660 (anno
1189 2577 1288 2662 4211)
1311 2579 1396 2664 apud

212 2686 340 2772 plebem
369 2690 485 2754 inierat
514 2694 669 2777 gratiam3
702 2689 879 2755 mercedem
911 2688 978 2754 dico
1009 2687 1172 2765 iudicum,
1198 2707 1277 2772 quae
1301 2689 1395 2751 unius

213 2793 300 2860 oboli
330 2795 434 2860 fuerat
456 2802 565 2876 antea,
589 2798 629 2863 ad
651 2802 714 2862 tres
738 2795 846 2862 obolos
869 2800 1005 2860 auctam.
1029 2793 1068 2859 In
1090 2793 1264 2860 ridiculum
1287 2798 1396 2858 autem

211 2921 287 2966 cum
310 2907 412 2968 totam
431 2924 499 2970 rem
517 2903 717 2970 iudiciariam
736 2909 808 2969 tum
826 2901 1002 2972 triobolum
1021 2900 1105 2966 illud
1121 2899 1235 2966 multis
1246 2899 1395 2966 laudibus

140 2997 145 3008 ’
211 3007 407 3075 celebratum
430 3010 563 3076 detorsit
585 3013 725 3077 comicus
746 3011 875 3096 ingenio
898 3008 1060 3075 abundans
1083 3013 1114 3074 et
1134 3007 1174 3072 ad
1192 3009 1299 3091 ipsum
1318 3007 1395 3071 11111

211 3134 288 3179 suae
310 3115 479 3202 fastigium
502 3116 563 3183 hoc
585 3124 729 3205 tempore
751 3122 897 3194 evectus,
927 3121 1089 3200 praeterea
1113 3111 1299 3179 stimulatus
1323 3111 1394 3177 odio

211 3241 275 3306 quo
297 3221 451 3310 flagrabat
472 3227 506 3288 in
529 3227 700 3290 coriarium
722 3226 824 3288 istum
845 3223 947 3288 musis
969 3223 1156 3299 inimicum,
1180 3222 1236 3306 qui
1258 3221 1322 3305 ipsi
1343 3239 1395 3284 ne·

210 3329 302 3413 gotia
325 3328 551 3408 bresmrimet,
575 3329 762 3396 stimulatus
781 3331 878 3395 etiam
897 3327 937 3393 ab
955 3325 1205 3392 adolescentibus
1224 3323 1393 3403 nobilibus,

211 3436 269 3517 qui
299 3439 425 3519 poetam
454 3435 594 3502 dicacem
623 3439 747 3523 iocique
773 3441 935 3501 amantem
957 3432 1157 3498 familiariter
1179 3432 1392 3517 accipiebant,

210 3548 407 3626 quamquam
422 3540 542 3608 multos
561 3542 657 3608 fuisse
676 3544 817 3628 suspicor
835 3542 891 3626 qui
909 3560 972 3605 non
992 3537 1133 3605 sodalem
1153 3559 1228 3604 eum
1243 3537 1394 3603 haberent

209 3647 264 3712 sed
286 3650 428 3732 partium
450 3663 581 3714 suarum
601 3647 813 3714 utilissimum
836 3650 1033 3712 sectatorem.

254 3751 316 3819 sed
350 3756 501 3840 primario
536 3754 610 3821 huic
645 3753 775 3820 consilio
810 3753 1017 3818 subiunctum
1045 3743 1093 3817 est
1123 3747 1277 3828 alterum,
1310 3750 1393 3835 quod

207 3863 355 3947 aperiunt
386 3862 483 3928 verba
506 3861 621 3948 quibus
645 3882 756 3928 servus
778 3864 968 3947 spectatores
992 3858 1165 3944 alloquitur
1187 3855 1393 3922 1111111111-

206 3970 272 4034 tio:
297 3967 428 4054 „Neque
452 3965 603 4034 Cleonem
625 3968 717 4034 hodie
740 3973 903 4053 petemus,
927 3986 1028 4051 neque
1047 3964 1236 4050 Euripidem
1255 3961 1390 4042 salibus,

207 4095 287 4161 quos
315 4073 454 4139 insulsos
483 4076 539 4139 isti
570 4074 695 4152 dicunt,
720 4071 993 4159 perfricabimns'’.
1024 4071 1109 4137 Nam
1132 4075 1301 4157 postquam
1324 4090 1392 4155 per-

205 4183 371 4269 speximus
386 4179 493 4266 ‘quale
524 4181 622 4247 fuerit
653 4180 798 4245 studium
826 4177 908 4244 illud
932 4175 1041 4244 Oleoni
1062 4177 1227 4264 parcendi,
1251 4179 1391 4242 nascitur

205 4289 344 4373 suspicio
374 4288 532 4352 comicum
562 4307 602 4352 ne
624 4285 664 4352 ab
686 4285 838 4371 Euripide
861 4283 990 4370 quidem
1013 4304 1127 4350 manus
1150 4284 1389 4362 abstenturum,

206 4413 305 4480 quam
335 4394 547 4478 suspicionem
577 4413 686 4458 veram
709 4392 806 4457 fuisse
828 4411 903 4455 mox
928 4388 1018 4455 docet
1043 4388 1168 4456 fabulae
1191 4391 1310 4468 exitus,
1335 4390 1391 4475 qui

203 4503 325 4590 passim
347 4500 387 4565 ad
409 4498 573 4585 Euripidis
591 4498 700 4564 drama
719 4499 896 4586 satyricum
915 4494 1088 4583 Cyclopem
1106 4502 1154 4562 est
1172 4495 1389 4574 adumbratus,

202 4629 307 4695 neque
329 4609 362 4672 in
385 4609 494 4692 paucis
518 4606 708 4693 quibusdam
729 4605 835 4672 verbis
857 4602 911 4669 vel
934 4606 1098 4671 sententiis
1118 4605 1257 4670 imitatio
1283 4602 1390 4688 depre-

201 4713 356 4784 henditur
386 4712 441 4778 sed
472 4715 677 4798 potissimum
706 4714 741 4778 in
771 4717 838 4778 toto
869 4732 978 4777 rerum
1001 4716 1096 4777 statu.
1120 4710 1205 4778 Nam
1226 4707 1388 4776 Philoclen
