3538 5536
346 575 451 632 anxur
873 575 1005 625 vrsrrn.
1055 559 1058 568 '

330 743 422 806 aviris
454 743 568 827 quibus
601 743 816 808 concreditum
848 750 896 809 est
928 747 1006 830 reip.
1030 744 1244 812 moderamen.
1269 744 1467 832 Quapropter
1489 747 1536 810 in·

345 847 562 934 dignationem
586 855 717 916 movent
739 850 846 916 Nicias
869 851 1053 937 Lachesque
1076 854 1195 937 661666
1219 873 1294 917 cum
1316 855 1357 917 iis
1380 852 1536 918 faciebant

346 975 364 1019 a
395 954 516 1020 callidis
546 955 850 1042 Peloponnesiorum
880 956 996 1044 legatis
1021 957 1147 1025 dnctari
1169 979 1203 1024 se
1226 961 1364 1024 sinentes
1377 957 1421 1040 1);
1446 959 1537 1046 Spar-

345 1064 440 1126 tiatae
464 1065 568 1140 euim,
592 1066 648 1149 661
673 1085 688 1128 6
713 1063 898 1148 Sphaoteria
920 1063 1026 1128 insula
1049 1063 1178 1134 abducti
1200 1065 1327 1130 fuerant
1351 1071 1383 1130 et
1402 1066 1536 1131 Athenis

346 1167 449 1233 adhuc
480 1172 601 1254 captivi
632 1170 808 1256 degebant,
842 1170 1017 1236 seeundum
1048 1174 1135 1256 pacis
1164 1171 1253 1260 leges
1277 1161 1537 1238 Lacedaemoniis

344 1274 550 1340 reddiderunt
563 1274 599 1357 ²),
632 1276 708 1342 11661
732 1276 951 1362 Amphipolis,
977 1298 1059 1362 quaa
1083 1280 1172 1363 prius
1195 1279 1391 1344 restituenda
1414 1279 1533 1360 fuerat,

345 1382 488 1447 nondum
524 1385 564 1446 in.
593 1384 838 1450 Atheniensium
867 1389 1057 1470 potestatem
1089 1384 1235 1451 rediisset
1248 1383 1283 1466 ³).
1316 1384 1368 1450 816
1397 1385 1535 1462 Laches,

347 1493 504 1573 qnantum
534 1509 591 1574 per
618 1491 726 1575 ipsum
758 1493 865 1568 stetit,
896 1490 1061 1576 prohibuit
1092 1494 1263 1576 quominus
1285 1496 1389 1577 patria
1411 1514 1428 1557 6
1451 1491 1535 1558 bello

345 1597 542 1661 internecivo
566 1599 709 1680 superior
733 1597 890 1662 evaderet.
915 1596 1032 1682 Itaque
1050 1618 1149 1662 unam
1173 1603 1299 1662 tantum
1323 1601 1448 1664 ineius
1468 1602 1537 1665 vita

346 1722 415 1780 rem
446 1703 567 1794 reperio
600 1723 678 1787 quaa
709 1703 803 1768 laude
836 1702 935 1789 digna
966 1706 1026 1767 sit:
1058 1706 1144 1772 vitae
1169 1704 1238 1769 dico
1262 1704 1367 1768 finem.
1403 1704 1537 1770 Strenue

347 1811 432 1872 enim
466 1829 613 1894 pugnans
648 1808 687 1872 ad
718 1809 917 1874 Mantineam
948 1815 1074 1895 praetor
1106 1829 1181 1875 oum
1212 1809 1334 1897 collega
1356 1811 1537 1877 Nicostrato

348 1914 509 1993 cecidit⁴).
547 1912 704 1980 Generosa
735 1919 818 1980 mori
846 1919 893 1992 61,
926 1921 963 1978 61
994 1914 1185 1981 Theramani
1209 1921 1240 1980 et
1263 1913 1382 1983 Critiae
1404 1916 1537 2004 61116666

345 2020 488 2085 eiusdem
511 2021 658 2088 factionis
681 2025 778 2101 viris,
803 2022 929 2090 16611166
953 2023 1015 2088 1611
1040 2043 1138 2108 qnam
1160 2023 1292 2089 honeste
1314 2027 1433 2090 vivere.

889 2577 936 2642 111
954 2579 992 2659 ν).

391 2775 438 2840 Da
472 2779 635 2861 tempore,
671 2797 733 2862 quo
765 2776 942 2863 Vesparum
974 2776 1090 2843 fabula*
1114 2783 1183 2844 acta
1215 2783 1280 2856 661,
1312 2781 1346 2842 in
1377 2778 1537 2846 codicibus

346 2881 530 2948 Rauennate
553 2890 585 2948 et
610 2881 730 2949 Veneto
754 2884 831 2950 haec
853 2883 1023 2970 leguntur:
1383 2955 1384 2958 Ἴ

393 2989 539 3070 ἐδιδάχθη
563 2990 612 3053 ἐπὶ
636 2974 789 3072 ιῖρχσνπυςΙ
811 2991 955 3064 Ἀμυνίαν
979 2994 1092 3070 (immo
1114 2989 1285 3077 Ἀμεινίου)
1304 2990 1355 3056 διὰ
1376 2991 1537 3055 Φιλωνίδου

346 3097 376 3158 ἐν
400 3105 439 3176 πῇ
464 3099 552 3160 πόλει
576 3097 744 3172 ὀλυμπιάδι
770 3097 804 3175 β’
821 3091 870 3172 ἦν.
895 3100 937 3167 εἰς
963 3099 1097 3170 Λήνυιυ.
1123 3099 1173 3162 καὶ
1199 3097 1282 3162 triac
1308 3105 1421 3178 πρῶτος
1445 3106 1539 3162 Φιλω-

347 3201 426 3274 νίδης
450 3203 625 3282 Προάγωνι,
651 3203 775 3269 Λεύκων
803 3203 956 3281 Πρέσβεσι
981 3205 1099 3281 spirare

392 3308 478 3388 Quae
508 3310 606 3376 verba
636 3313 778 3397 graviter
808 3317 973 3398 aegrotare
1005 3313 1112 3396 quivis
1144 3309 1241 3375 videt.
1266 3309 1357 3376 Nihil
1380 3313 1467 3375 enirn
1491 3315 1538 3375 est

348 3417 378 3479 ἕν
410 3425 448 3495 τῇ
481 3417 568 3480 πόλει
602 3417 783 3494 ὀλυμπιάδι.
808 3417 924 3482 Diesne
948 3418 1065 3495 166166,
1090 3439 1153 3502 666
1178 3423 1248 3482 6616
1272 3423 1320 3482 661
1344 3416 1469 3501 fabula,
1492 3420 1539 3482 16-

347 3522 498 3587 dicandus
528 3521 615 3588 erat?
646 3525 713 3587 Ant
737 3525 778 3594 εἷς
807 3525 928 3598 Λήναια
953 3524 1123 3588 dicendum
1146 3531 1229 3602 erat,
1255 3523 1338 3609 quod
1360 3527 1470 3589 statim
1494 3544 1535 3589 se

347 3631 467 3715 quitur,
492 3635 548 3694 661
571 3633 599 3694 61
621 3629 751 3716 Magnis
776 3630 976 3696 Liberalibus
1000 3631 1072 3696 data
1096 3621 1355 3708 66661,ε’νι’1στ6
1378 3634 1446 3696 sive
1467 3633 1537 3696 κατ’

347 3735 437 3802 derv.
469 3738 637 3803 Praeterea
669 3759 798 3803 sensum
829 3727 891 3802 non
922 3738 1052 3824 praebet
1082 3759 1144 3804 vox
1174 3738 1342 3812 ὀλυμπιάδι
1367 3740 1430 3804 6161
1453 3759 1539 3826 prae·

347 3848 490 3909 mittitur
525 3843 699 3910 numerale.
736 3843 934 3930 Quapropter
968 3843 1148 3909 multorum
1183 3865 1347 3909 assensum
1381 3843 1458 3909 tulit
1487 3847 1539 3910 vir

346 3953 459 4017 doctus
494 3950 759 4038 1166661666611),
795 3971 870 4015 oum
899 3955 1054 4016 statueret
1085 3953 1159 4015 anni
1190 3950 1347 4015 indicium
1377 3949 1475 4015 latera
1504 3952 1538 4014 iu

347 4063 492 4144 suspecto
522 4055 678 4122 vocabulo
706 4056 811 4134 πόλει,
836 4057 897 4121 hoc
922 4057 1008 4121 enim
1032 4078 1072 4121 er
1095 4058 1134 4119 πθ
1158 4055 1357 4139 (LXXXIX)
1381 4078 1448 4123 6666
1473 4077 1539 4122 aor-

347 4169 490 4250 ruptum.
524 4163 672 4249 Speciosa
702 4162 841 4249 profecto
872 4166 1068 4241 coniectura,
1099 4167 1240 4228 attamen
1270 4163 1437 4228 videamus
1462 4163 1538 4249 quid

381 4395 405 4456 1)
423 4393 460 4442 Of.
478 4391 553 4442 Thuc.
570 4389 592 4438 V
609 4393 650 4441 43.
957 4389 971 4466 ’Ἴ
1024 4391 1049 4453 2)
1066 4391 1142 4441 Thac.
1161 4390 1182 4438 V
1200 4392 1232 4440 24
1250 4392 1294 4454 §2.

381 4472 608 4538 6161166161,
668 4475 685 4484 ”
781 4509 783 4515 ,
850 4473 852 4479 ⁸
883 4521 884 4524 ,
1020 4474 1138 4537 46111166,
1157 4473 1178 4521 V
1197 4473 1236 4526 74.

382 4560 404 4621 b)
421 4557 540 4606 Desnmta
563 4563 619 4606 sunt
643 4573 704 4622 quae
727 4557 767 4606 hic
792 4561 925 4622 sequuntur
948 4573 975 4606 ex
994 4556 1024 4606 116
1044 4573 1105 4622 6666
1123 4558 1152 4607 (16
1169 4556 1303 4622 Vesparum
1322 4553 1435 4606 ὑποθέσει
1453 4557 1539 4623 scripsi

345 4643 371 4691 in
389 4641 507 4691 Mnemos.
528 4639 593 4689 1888
611 4655 635 4704 p.
654 4639 701 4688 251
713 4655 765 4705 sqq.

381 4725 404 4786 6)
421 4723 478 4774 Atta
494 4724 559 4772 hom.
577 4723 663 4772 Biihne
679 4739 704 4788 p.
722 4722 778 4772 268¹.
